,,,Detailed Statements,,,
Account Number  ,10210008879729,,,,,
Account Type ,CA Biz Advantage25000 MAB,,,Currency ,INR,
From Date :,17/01/2022,,,To Date,20/01/2022,
Customer Name  ,CHEERS RETAIL PRIVATE LIMITED,,,,,
Address1       ,NO 20 2C CRYSTAL LAWNS HADDOWS ROAD,,,,,
Address2       ,1ST STREET DIST CHENNAI,,,,,
Address3       ,,,,,,
Address4       ,,,,,,
Pincode        ,600006,,,,,
Date,Description ,Value Date,Ref / Cheque No,Debit,Credit,Balance
18/01/2022,DEPOSIT-IMPS/201811046084/CHEERS RETAIL PRIVAT/ICICI Bank/XXXXXXXX0014/crpl icic,18/01/2022,1360,0.00,"74,000.00","74,170.00"
18/01/2022,CLG/000060/VASANTHAM ENTERPRISES,18/01/2022,000060,"20,000.00",0.00,"54,170.00"
18/01/2022,CLG/000415/SHREE MAHALAKSHMI ENTERP,18/01/2022,000415,"13,674.00",0.00,"40,496.00"
18/01/2022,CLG/000426/M.M.B ENTERPRISES,18/01/2022,000426,"13,565.00",0.00,"26,931.00"
18/01/2022,CLG/000443/OM DEEPAM AGENCIES,18/01/2022,000443,"22,943.00",0.00,"3,988.00"
18/01/2022,DEPOSIT-IMPS/201812742547/N P RAJESHWARAN/South Indian Bank/XXXXXXXX0014/MB NPR,18/01/2022,1373,0.00,"50,000.00","53,988.00"
18/01/2022,WDL-IMPS/201815009014/SELVAKUMAR BAALU/UTIB0000676/XXXXXXXXXXX6311/,18/01/2022,1374,"50,000.00",0.00,"3,988.00"
19/01/2022,DEPOSIT-IMPS/201910427942/CHEERS RETAIL PRIVAT/ICICI Bank/XXXXXXXX0014/crpl2icic,19/01/2022,1375,0.00,"55,500.00","59,488.00"
19/01/2022,S GURUSAMY,19/01/2022,000342,"6,744.00",0.00,"52,744.00"
19/01/2022,CLG/000398/G G AGENCIES,19/01/2022,000398,"8,983.00",0.00,"43,761.00"
20/01/2022,CLG/000061/VASANTHAM ENTERPRISES,20/01/2022,000061,"20,312.00",0.00,"23,449.00"
20/01/2022,CLG/000082/SREE BHARATH COMPUTERS,20/01/2022,000082,"3,803.00",0.00,"19,646.00"
20/01/2022,CLG/000112/V DO EVENTS,20/01/2022,000112,"9,868.00",0.00,"9,778.00"
20/01/2022,CLG/000313/ASHRIYA ENTERPRISES,20/01/2022,000313,"3,830.00",0.00,"5,948.00"
20/01/2022,CLG/000373/SUPREME AGENCIES,20/01/2022,000373,"5,756.00",0.00,192.00
20/01/2022,DEPOSIT-IMPS/202012125576/CHEERS RETAIL PRIVAT/ICICI Bank/XXXXXXXX0014/crplici2b,20/01/2022,1395,0.00,"54,800.00","54,992.00"
20/01/2022,"DEPOSIT-IMPS/202012981369/SELVAKUMARBAALU/Axis Bank/XXXXXXXX0014/,20/01/2022-122",20/01/2022,1396,0.00,"13,000.00","67,992.00"
20/01/2022,"DEPOSIT-IMPS/202012031371/SELVAKUMARBAALU/Axis Bank/XXXXXXXX0014/crplbandhan,20/",20/01/2022,1397,0.00,"100,000.00","167,992.00"
20/01/2022,CASH/1841/SELF,20/01/2022,1398,0.00,"15,000.00","182,992.00"
20/01/2022,CLG/000326/ZARAH DISTRIBUTORS LLP,20/01/2022,000326,"8,348.00",0.00,"174,644.00"
20/01/2022,CLG/000366/RIKHAB TRADING COMPANY R,20/01/2022,000366,"16,000.00",0.00,"158,644.00"
20/01/2022,CLG/000410/ANNAI AGENCIES,20/01/2022,000410,"18,000.00",0.00,"140,644.00"
20/01/2022,CLG/000411/ANNAI AGENCIES,20/01/2022,000411,"19,860.00",0.00,"120,784.00"
20/01/2022,CLG/000412/ARCHANA TRADING,20/01/2022,000412,"22,320.00",0.00,"98,464.00"
20/01/2022,CLG/000416/SRI MAHALAKSHMI TRADERS,20/01/2022,000416,"7,505.00",0.00,"90,959.00"
20/01/2022,CLG/000431/R SQUARE FOOD FACTORY,20/01/2022,000431,"12,710.00",0.00,"78,249.00"
20/01/2022,CLG/000432/V P TRADERS,20/01/2022,000432,"3,534.00",0.00,"74,715.00"
20/01/2022,CLG/000438/LATHAAAGENCY,20/01/2022,000438,"5,916.00",0.00,"68,799.00"
20/01/2022,CLG/000444/DHANVI INTERNATIONAL,20/01/2022,000444,"35,205.00",0.00,"33,594.00"
20/01/2022,CLG/000463/SURESH KUMAR  S,20/01/2022,000463,"11,679.00",0.00,"21,915.00"
20/01/2022,CLG/000464/SURESH KUMAR  S,20/01/2022,000464,"3,050.00",0.00,"18,865.00"
20/01/2022,WDL-IMPS/202015010030/SELVAKUMAR BAALU/UTIB0000676/XXXXXXXXXXX6311/,20/01/2022,1435,"18,000.00",0.00,865.00