,,,Detailed Statements,,,,
Account Number  ,1.02E+13,,,,,,
Account Type ,CA Biz Advantage25000 MAB,,,Currency ,INR,,
From Date :,17/01/2022,,,To Date,20/01/2022,,
Customer Name  ,CHEERS RETAIL PRIVATE LIMITED,,,,,,
Address1       ,NO 20 2C CRYSTAL LAWNS HADDOWS ROAD,,,,,,
Address2       ,1ST STREET DIST CHENNAI,,,,,,
Address3       ,,,,,,,
Address4       ,,,,,,,
Pincode        ,600006,,,,,,
Date,Description ,Value Date,Ref / Cheque No,Debit,Credit,Balance,
18/01/2022,DEPOSIT-IMPS/201811046084/CHEERS RETAIL PRIVAT/ICICI Bank/XXXXXXXX0014/crpl icic,18/01/2022,1360,0,"74,000.00","74,170.00",
18/01/2022,CLG/000060/VASANTHAM ENTERPRISES,18/01/2022,60,"20,000.00",0,"54,170.00",
18/01/2022,CLG/000415/SHREE MAHALAKSHMI ENTERP,18/01/2022,415,"13,674.00",0,"40,496.00",
18/01/2022,CLG/000426/M.M.B ENTERPRISES,18/01/2022,426,"13,565.00",0,"26,931.00",
18/01/2022,CLG/000443/OM DEEPAM AGENCIES,18/01/2022,443,"22,943.00",0,"3,988.00",
18/01/2022,DEPOSIT-IMPS/201812742547/N P RAJESHWARAN/South Indian Bank/XXXXXXXX0014/MB NPR,18/01/2022,1373,0,"50,000.00","53,988.00",
18/01/2022,WDL-IMPS/201815009014/SELVAKUMAR BAALU/UTIB0000676/XXXXXXXXXXX6311/,18/01/2022,1374,"50,000.00",0,"3,988.00",
19/01/2022,DEPOSIT-IMPS/201910427942/CHEERS RETAIL PRIVAT/ICICI Bank/XXXXXXXX0014/crpl2icic,19/01/2022,1375,0,"55,500.00","59,488.00",
19/01/2022,S GURUSAMY,19/01/2022,342,"6,744.00",0,"52,744.00",
19/01/2022,CLG/000398/G G AGENCIES,19/01/2022,398,"8,983.00",0,"43,761.00",
20/01/2022,CLG/000061/VASANTHAM ENTERPRISES,20/01/2022,61,"20,312.00",0,"23,449.00",
20/01/2022,CLG/000082/SREE BHARATH COMPUTERS,20/01/2022,82,"3,803.00",0,"19,646.00",
20/01/2022,CLG/000112/V DO EVENTS,20/01/2022,112,"9,868.00",0,"9,778.00",
20/01/2022,CLG/000313/ASHRIYA ENTERPRISES,20/01/2022,313,"3,830.00",0,"5,948.00",
20/01/2022,CLG/000373/SUPREME AGENCIES,20/01/2022,373,"5,756.00",0,192,
20/01/2022,DEPOSIT-IMPS/202012125576/CHEERS RETAIL PRIVAT/ICICI Bank/XXXXXXXX0014/crplici2b,20/01/2022,1395,0,"54,800.00","54,992.00",
20/01/2022,"DEPOSIT-IMPS/202012981369/SELVAKUMARBAALU/Axis Bank/XXXXXXXX0014/,20/01/2022-122",20/01/2022,1396,0,"13,000.00","67,992.00",
20/01/2022,"DEPOSIT-IMPS/202012031371/SELVAKUMARBAALU/Axis Bank/XXXXXXXX0014/crplbandhan,20/",20/01/2022,1397,0,"1,00,000.00","1,67,992.00",
20/01/2022,CASH/1841/SELF,20/01/2022,1398,0,"15,000.00","1,82,992.00",
20/01/2022,CLG/000326/ZARAH DISTRIBUTORS LLP,20/01/2022,326,"8,348.00",0,"1,74,644.00",
20/01/2022,CLG/000366/RIKHAB TRADING COMPANY R,20/01/2022,366,"16,000.00",0,"1,58,644.00",
20/01/2022,CLG/000410/ANNAI AGENCIES,20/01/2022,410,"18,000.00",0,"1,40,644.00",
20/01/2022,CLG/000411/ANNAI AGENCIES,20/01/2022,411,"19,860.00",0,"1,20,784.00",
20/01/2022,CLG/000412/ARCHANA TRADING,20/01/2022,412,"22,320.00",0,"98,464.00",
20/01/2022,CLG/000416/SRI MAHALAKSHMI TRADERS,20/01/2022,416,"7,505.00",0,"90,959.00",
20/01/2022,CLG/000431/R SQUARE FOOD FACTORY,20/01/2022,431,"12,710.00",0,"78,249.00",
20/01/2022,CLG/000432/V P TRADERS,20/01/2022,432,"3,534.00",0,"74,715.00",
20/01/2022,CLG/000438/LATHAAAGENCY,20/01/2022,438,"5,916.00",0,"68,799.00",
20/01/2022,CLG/000444/DHANVI INTERNATIONAL,20/01/2022,444,"35,205.00",0,"33,594.00",
20/01/2022,CLG/000463/SURESH KUMAR  S,20/01/2022,463,"11,679.00",0,"21,915.00",
20/01/2022,CLG/000464/SURESH KUMAR  S,20/01/2022,464,"3,050.00",0,"18,865.00",
20/01/2022,WDL-IMPS/202015010030/SELVAKUMAR BAALU/UTIB0000676/XXXXXXXXXXX6311/,20/01/2022,1435,"18,000.00",0,865,
21/01/2022,DEPOSIT-IMPS/202111386096/CHEERS RETAIL PRIVAT/ICICI Bank/XXXXXXXX0014/crplici2b,21/01/2022,1436,0,"53,600.00","54,465.00",
21/01/2022,CLG/000284/AURO MIRA MEDI AIDS,21/01/2022,284,"5,377.00",0,"49,088.00",
21/01/2022,CLG/000328/ZARAH DISTRIBUTORS LLP,21/01/2022,328,"5,952.00",0,"43,136.00",
21/01/2022,CLG/000364/WONDER,21/01/2022,364,"35,000.00",0,"8,136.00",
21/01/2022,CLG/000372/ASHRIYA ENTERPRISES,21/01/2022,372,"6,718.00",0,"1,418.00",
21/01/2022,"DEPOSIT-IMPS/202112653357/SELVAKUMARBAALU/Axis Bank/XXXXXXXX0014/,21/01/2022-123",21/01/2022,1449,0,"20,000.00","21,418.00",
21/01/2022,CASH/1841/SELF,21/01/2022,1450,0,"5,000.00","26,418.00",
21/01/2022,DEPOSIT-IMPS/202112559971/CHEERS RETAIL PRIVAT/ICICI Bank/XXXXXXXX0014/CRPLBANDH,21/01/2022,1451,0,"13,400.00","39,818.00",
21/01/2022,CLG/000089/ROYAL AGENCY,21/01/2022,89,"8,947.00",0,"30,871.00",
21/01/2022,CLG/000392/SAIRAM MARKETING,21/01/2022,392,"15,000.00",0,"15,871.00",
21/01/2022,CLG/000420/SRI VENKATESWARA ENTERPRI,21/01/2022,420,"4,725.00",0,"11,146.00",
24/01/2022,DEPOSIT-IMPS/202411226843/CHEERS RETAIL PRIVAT/ICICI Bank/XXXXXXXX0014/CRPLICI2B,24/01/2022,1462,0,"73,000.00","73,146.00",
24/01/2022,CLG/000329/ZARAH DISTRIBUTORS LLP,24/01/2022,329,"16,027.00",0,"57,119.00",
24/01/2022,CLG/000355/SKY OFFICE MART,24/01/2022,355,"10,575.00",0,"46,544.00",
24/01/2022,CLG/000394/SAIRAM MARKETING,24/01/2022,394,"15,000.00",0,"31,544.00",
24/01/2022,CLG/000399/ANKASUMMORFOODSPVTLTDCHN,24/01/2022,399,"9,137.00",0,"22,407.00",
24/01/2022,CLG/000413/ANKASUMMORFOODSPVTLTDCHN,24/01/2022,413,"4,178.00",0,"18,229.00",
24/01/2022,CLG/000451/MC ENTERPRISES,24/01/2022,451,"13,317.00",0,"4,912.00",
24/01/2022,CLG/000556/SRI SAI PACKING AND CODIN,24/01/2022,556,"2,820.00",0,"2,092.00",
24/01/2022,"DEPOSIT-IMPS/202412476189/SELVAKUMARBAALU/Axis Bank/XXXXXXXX0014/,24/01/2022-123",24/01/2022,1484,0,"40,000.00","42,092.00",
24/01/2022,DEPOSIT-IMPS/202412606814/CHEERS RETAIL PRIVAT/ICICI Bank/XXXXXXXX0014/icic2band,24/01/2022,1485,0,"19,200.00","61,292.00",
24/01/2022,CASH/1841/SELF,24/01/2022,1486,0,"11,000.00","72,292.00",
24/01/2022,CLG/000445/KESARI AGENCY,24/01/2022,445,"37,255.00",0,"35,037.00",
24/01/2022,CLG/000462/DHARSHAN FRUITS AND VEGE,24/01/2022,462,"22,702.00",0,"12,335.00",
24/01/2022,CLG/000513/RHINO SENTINEL AND ALLIE,24/01/2022,513,"11,756.00",0,579,
25/01/2022,DEPOSIT-IMPS/202511846460/CHEERS RETAIL PRIVAT/ICICI Bank/XXXXXXXX0014/crplici2b,25/01/2022,1496,0,"15,400.00","15,979.00",
25/01/2022,"DEPOSIT-IMPS/202512327421/SELVAKUMARBAALU/Axis Bank/XXXXXXXX0014/,25/01/2022-122",25/01/2022,1497,0,"40,000.00","55,979.00",
25/01/2022,CASH/1841/SELF,25/01/2022,1498,0,"4,000.00","59,979.00",
25/01/2022,"DEPOSIT-IMPS/202513488848/SELVAKUMARBAALU/Axis Bank/XXXXXXXX0014/,25/01/2022-130",25/01/2022,1499,0,"40,000.00","99,979.00",
25/01/2022,DEPOSIT-IMPS/202513092518/CHEERS RETAIL PRIVAT/ICICI Bank/XXXXXXXX0014/CRPLBANDH,25/01/2022,1500,0,"27,900.00","1,27,879.00",
25/01/2022,CLG/000330/ZARAH DISTRIBUTORS LLP,25/01/2022,330,"11,900.00",0,"1,15,979.00",
25/01/2022,CLG/000337/SRI GURU ENTERPRISES,25/01/2022,337,"24,591.00",0,"91,388.00",
25/01/2022,CLG/000380/MULLAIYARAGROPRODUCTS,25/01/2022,380,"8,820.00",0,"82,568.00",
25/01/2022,CLG/000395/SAIRAM MARKETING,25/01/2022,395,"23,388.00",0,"59,180.00",
25/01/2022,CLG/000515/RHINO SENTINEL AND ALLIE,25/01/2022,515,"19,000.00",0,"40,180.00",
25/01/2022,CLG/000566/MSKARTHICKAGENCY,25/01/2022,566,"20,000.00",0,"20,180.00",
25/01/2022,WDL-IMPS/202513007811/SELVAKUMAR BAALU/UTIB0000676/XXXXXXXXXXX6311/,25/01/2022,1519,"20,000.00",0,180,
27/01/2022,DEPOSIT-IMPS/202710927409/CHEERS RETAIL PRIVAT/ICICI Bank/XXXXXXXX0014/crplici2b,27/01/2022,1520,0,"66,400.00","66,580.00",
27/01/2022,CLG/000393/SAIRAM MARKETING,27/01/2022,393,"17,734.00",0,"48,846.00",
27/01/2022,CLG/000402/MEHTA AGENCIES,27/01/2022,402,"8,265.00",0,"40,581.00",
27/01/2022,CLG/000446/DHARSHAN FRUITS AND VEGE,27/01/2022,446,"21,927.00",0,"18,654.00",
27/01/2022,CLG/000450/MC ENTERPRISES,27/01/2022,450,"6,131.00",0,"12,523.00",
27/01/2022,CLG/000468/SRI SAI SANJEEV AGENCIES,27/01/2022,468,"1,468.00",0,"11,055.00",
27/01/2022,CLG/000508/SAROJINITRADERS,27/01/2022,508,"10,158.00",0,897,
27/01/2022,CASH/1841/SELF,27/01/2022,1539,0,"10,000.00","10,897.00",
27/01/2022,DEPOSIT-IMPS/202712123257/N P RAJESHWARAN/South Indian Bank/XXXXXXXX0014/MB NPR,27/01/2022,1540,0,"30,000.00","40,897.00",
27/01/2022,DEPOSIT-IMPS/202712459606/CHEERS RETAIL PRIVAT/ICICI Bank/XXXXXXXX0014/crplici2b,27/01/2022,1541,0,"9,300.00","50,197.00",
27/01/2022,DEPOSIT-IMPS/202713124258/N P RAJESHWARAN/South Indian Bank/XXXXXXXX0014/MB NPR,27/01/2022,1542,0,"10,000.00","60,197.00",
27/01/2022,CLG/000484/SAKTHI TRADERS,27/01/2022,484,"19,675.00",0,"40,522.00",
27/01/2022,CLG/000511/AATISHWAR ENTERPRISES,27/01/2022,511,"10,122.00",0,"30,400.00",
27/01/2022,CLG/000519/DHARSHAN FRUITS AND VEGE,27/01/2022,519,"24,833.00",0,"5,567.00",
27/01/2022,CLG/000533/GIRI BROTHERS,27/01/2022,533,"2,921.00",0,"2,646.00",
27/01/2022,"DEPOSIT-IMPS/202713224614/SELVAKUMARBAALU/Axis Bank/XXXXXXXX0014/,27/01/2022-130",27/01/2022,1555,0,"1,000.00","3,646.00",
28/01/2022,DEPOSIT-IMPS/202811395982/CHEERS RETAIL PRIVAT/ICICI Bank/XXXXXXXX0014/CRPLBANDH,28/01/2022,1557,0,"48,300.00","51,946.00",
28/01/2022,CLG/000421/ASHRIYA ENTERPRISES,28/01/2022,421,"2,341.00",0,"49,605.00",
28/01/2022,DEPOSIT-IMPS/202812468139/CHEERS RETAIL PRIVAT/ICICI Bank/XXXXXXXX0014/crplicic2,28/01/2022,1561,0,"8,000.00","57,605.00",
28/01/2022,CLG/000365/WONDER,28/01/2022,365,"36,980.00",0,"20,625.00",
28/01/2022,CLG/000441/SRI SIDDHI AGENCIES,28/01/2022,441,"1,955.00",0,"18,670.00",
28/01/2022,DEPOSIT-IMPS/202812570163/CHEERS RETAIL PRIVAT/ICICI Bank/XXXXXXXX0014/crplici2b,28/01/2022,1567,0,"22,900.00","41,570.00",
28/01/2022,"DEPOSIT-IMPS/202812736014/SELVAKUMARBAALU/Axis Bank/XXXXXXXX0014/,28/01/2022-124",28/01/2022,1568,0,"90,000.00","1,31,570.00",
28/01/2022,DEPOSIT-IMPS/202812658386/CHEERS RETAIL PRIVAT/ICICI Bank/XXXXXXXX0014/crplic2ba,28/01/2022,1569,0,"11,600.00","1,43,170.00",
28/01/2022,CASH/1841/SELF,28/01/2022,1570,0,"3,000.00","1,46,170.00",
28/01/2022,CASH/1841/SELF,28/01/2022,1571,0,"6,000.00","1,52,170.00",
28/01/2022,CLG/000191/SR IT SERVICES,28/01/2022,191,"11,004.00",0,"1,41,166.00",
28/01/2022,CLG/000327/ZARAH DISTRIBUTORS LLP,28/01/2022,327,"11,890.00",0,"1,29,276.00",
28/01/2022,CLG/000344/CHENNAI TRADERS,28/01/2022,344,"5,903.00",0,"1,23,373.00",
28/01/2022,CLG/000417/ANNAI AGENCIES,28/01/2022,417,"22,641.00",0,"1,00,732.00",
28/01/2022,CLG/000422/SUPREME AGENCIES,28/01/2022,422,"12,601.00",0,"88,131.00",
28/01/2022,CLG/000482/TRAKX FOOD PRODUCTS,28/01/2022,482,"5,540.00",0,"82,591.00",
28/01/2022,CLG/000497/VEER IMPEX,28/01/2022,497,"15,330.00",0,"67,261.00",
28/01/2022,CLG/000509/JAI BAJRANG BALI AGENCIES,28/01/2022,509,"12,399.00",0,"54,862.00",
28/01/2022,CLG/000512/SRI IYYAPPAN ENTERPRISES,28/01/2022,512,"12,913.00",0,"41,949.00",
28/01/2022,CLG/000532/BHARTI AIRTEL LIMITEDSB,28/01/2022,532,"16,108.00",0,"25,841.00",
28/01/2022,CLG/000537/SHIVA SAI ENTERPRISES PVT,28/01/2022,537,"2,937.00",0,"22,904.00",
28/01/2022,RTN/CLG/000583/Instrument post dated/RADHIKA AGENCIES,28/01/2022,1605,"18,504.00",0,"4,400.00",
28/01/2022,RTN/CLG/000583/Instrument post dated/RADHIKA AGENCIES,28/01/2022,1606,0,"18,504.00","22,904.00",
28/01/2022,CLG/000599/A R ENTERPRISES,28/01/2022,599,"3,200.00",0,"19,704.00",
28/01/2022,,28/01/2022,619,"10,000.00",0,"9,704.00",
29/01/2022,CLG/000136/ARHAM ENTERPRISE S,29/01/2022,136,"8,305.00",0,"1,399.00",
29/01/2022,"DEPOSIT-IMPS/202912232316/SELVAKUMARBAALU/Axis Bank/XXXXXXXX0014/,29/01/2022-120",29/01/2022,1614,0,"19,000.00","20,399.00",
29/01/2022,DEPOSIT-IMPS/202912768880/CHEERS RETAIL PRIVAT/ICICI Bank/XXXXXXXX0014/crplic2ba,29/01/2022,1615,0,"17,300.00","37,699.00",
29/01/2022,DEPOSIT-IMPS/202912214313/N P RAJESHWARAN/South Indian Bank/XXXXXXXX0014/MB NPR,29/01/2022,1616,0,"52,000.00","89,699.00",
29/01/2022,DEPOSIT-IMPS/202912837168/CHEERS RETAIL PRIVAT/ICICI Bank/XXXXXXXX0014/crpl2icic,29/01/2022,1617,0,"18,600.00","1,08,299.00",
29/01/2022,"DEPOSIT-IMPS/202912529370/SELVAKUMARBAALU/Axis Bank/XXXXXXXX0014/,29/01/2022-125",29/01/2022,1618,0,"20,000.00","1,28,299.00",
29/01/2022,CLG/000370/BABA ENTERPRISES,29/01/2022,370,"1,710.00",0,"1,26,589.00",
29/01/2022,CLG/000452/BABA ENTERPRISES,29/01/2022,452,"1,558.00",0,"1,25,031.00",
29/01/2022,CLG/000455/GEETHA AGENCIES,29/01/2022,455,"19,762.00",0,"1,05,269.00",
29/01/2022,CLG/000459/R V ENTERPRISES,29/01/2022,459,"11,899.00",0,"93,370.00",
29/01/2022,CLG/000470/AMMAN ENTERPRISES,29/01/2022,470,"22,000.00",0,"71,370.00",
29/01/2022,CLG/000471/ANNAI AGENCIES,29/01/2022,471,"24,275.00",0,"47,095.00",
29/01/2022,CLG/000514/RHINO SENTINEL AND ALLIE,29/01/2022,514,"20,000.00",0,"27,095.00",
29/01/2022,CLG/000517/R D S AGENCY,29/01/2022,517,"3,482.00",0,"23,613.00",
29/01/2022,CLG/000529/LAXMI MARKETING,29/01/2022,529,"15,445.00",0,"8,168.00",
30/01/2022,WDL-IMPS/203020010994/SELVAKUMAR BAALU/UTIB0000676/XXXXXXXXXXX6311/,30/01/2022,1646,"5,000.00",0,"3,168.00",
31/01/2022,DEPOSIT-IMPS/203110631276/CHEERS RETAIL PRIVAT/ICICI Bank/XXXXXXXX0014/crplici2b,31/01/2022,1647,0,"57,000.00","60,168.00",
31/01/2022,CLG/000354/SUNNYVALE APARTMENTS OWN,31/01/2022,354,"7,713.00",0,"52,455.00",
31/01/2022,CLG/000433/INNOVATIVEFOODSLIMITED,31/01/2022,433,"8,162.00",0,"44,293.00",
31/01/2022,CLG/000434/T J AGENCIES PH  4424335,31/01/2022,434,"16,624.00",0,"27,669.00",
31/01/2022,CLG/000453/ASHRIYA ENTERPRISES,31/01/2022,453,"6,531.00",0,"21,138.00",
31/01/2022,CLG/000507/V P TRADERS,31/01/2022,507,"12,908.00",0,"8,230.00",
31/01/2022,CLG/000510/AISHWARYAS,31/01/2022,510,"3,652.00",0,"4,578.00",
31/01/2022,GURUSAMY S,31/01/2022,466,"3,000.00",0,"1,578.00",
31/01/2022,"DEPOSIT-IMPS/203112595863/SELVAKUMARBAALU/Axis Bank/XXXXXXXX0014/,31/01/2022-125",31/01/2022,1668,0,"20,000.00","21,578.00",
31/01/2022,DEPOSIT-IMPS/203112251016/CHEERS RETAIL PRIVAT/ICICI Bank/XXXXXXXX0014/crplici2b,31/01/2022,1669,0,"17,000.00","38,578.00",
31/01/2022,CLG/000469/AMMAN ENTERPRISES,31/01/2022,469,"22,500.00",0,"16,078.00",
31/01/2022,RTN/CLG/000531/Funds Insufficient/LAXMI MARKETING,31/01/2022,1673,"16,154.00",0,-76,
31/01/2022,RTN/CLG/000531/Funds Insufficient/LAXMI MARKETING,31/01/2022,1674,0,"16,154.00","16,078.00",
31/01/2022,RTN/CHRGS/CLG/000531/Funds Insufficient/,31/01/2022,1675,590,0,"15,488.00",
31/01/2022,S GURUSAMY,31/01/2022,490,"12,588.00",0,"2,900.00",
31/01/2022,MAB Charge for the period January,31/01/2022,1677,"1,180.00",0,"1,720.00",
31/01/2022,Stop Payment Charges,31/01/2022,1678,118,0,"1,602.00",
01/02/2022,CLG/000487/SHRI YASANAH ENTERPRISE,01/02/2022,487,"1,574.00",0,28,
01/02/2022,"DEPOSIT-IMPS/203212544011/SELVAKUMARBAALU/Axis Bank/XXXXXXXX0014/,01/02/2022-124",01/02/2022,1682,0,"1,35,000.00","1,35,028.00",
01/02/2022,CLG/000276/SHYAM ENTERPRISES,01/02/2022,276,"11,966.00",0,"1,23,062.00",
01/02/2022,CLG/000436/ZARA DISTRIBUTORS,01/02/2022,436,"21,489.00",0,"1,01,573.00",
01/02/2022,CLG/000437/SRI JAYALAKSHMI ENTERPRI,01/02/2022,437,"23,288.00",0,"78,285.00",
01/02/2022,CLG/000458/ROYAL AGENCY,01/02/2022,458,"10,969.00",0,"67,316.00",
01/02/2022,CLG/000460/ADITYA ENTERPRISES,01/02/2022,460,"2,558.00",0,"64,758.00",
01/02/2022,CLG/000465/M K AGENCY,01/02/2022,465,"10,099.00",0,"54,659.00",
01/02/2022,CLG/000516/RHINO SENTINEL AND ALLIE,01/02/2022,516,"22,380.00",0,"32,279.00",
01/02/2022,CLG/000564/HYGREVAR ENTERPRISES PRI,01/02/2022,564,"24,743.00",0,"7,536.00",
01/02/2022,CLG/000580/ANNAI AGENCIES,01/02/2022,580,"3,504.00",0,"4,032.00",
02/02/2022,DEPOSIT-IMPS/203310441482/CHEERS RETAIL PRIVAT/ICICI Bank/XXXXXXXX0014/crplici2b,02/02/2022,1710,0,"25,700.00","29,732.00",
02/02/2022,S GURUSAMY,02/02/2022,614,"3,780.00",0,"25,952.00",
02/02/2022,CLG/000009/SRI NANDHA FOODS,02/02/2022,9,"3,000.00",0,"22,952.00",
02/02/2022,CLG/000244/PRAVEENA AGENCIES,02/02/2022,244,"11,924.00",0,"11,028.00",
02/02/2022,CLG/000425/GAYATHRI TRADERS,02/02/2022,425,"3,636.00",0,"7,392.00",
02/02/2022,CLG/000461/SRI NANDHA FOODS,02/02/2022,461,"2,160.00",0,"5,232.00",
02/02/2022,DEPOSIT-IMPS/203312840206/CHEERS RETAIL PRIVAT/ICICI Bank/XXXXXXXX0014/ici2bandc,02/02/2022,1724,0,"25,000.00","30,232.00",
02/02/2022,"DEPOSIT-IMPS/203312217598/SELVAKUMARBAALU/Axis Bank/XXXXXXXX0014/,02/02/2022-121",02/02/2022,1725,0,"1,00,000.00","1,30,232.00",
02/02/2022,CLG/000520/VLKENTERPRSES,02/02/2022,520,"25,623.00",0,"1,04,609.00",
02/02/2022,CLG/000540/ARA TRADERS,02/02/2022,540,"19,000.00",0,"85,609.00",
02/02/2022,CLG/000543/SRINIVASA TRADERS,02/02/2022,543,"6,955.00",0,"78,654.00",
02/02/2022,CLG/000544/VISALAM ENTERPRISES,02/02/2022,544,"21,823.00",0,"56,831.00",
02/02/2022,CLG/000560/INDRA AGENCIES,02/02/2022,560,"20,000.00",0,"36,831.00",
02/02/2022,CLG/000568/ANNAI AGENCIES,02/02/2022,568,"8,379.00",0,"28,452.00",
02/02/2022,CLG/000604/DHARSHAN FRUITS AND VEGE,02/02/2022,604,"21,284.00",0,"7,168.00",
03/02/2022,DEPOSIT-IMPS/203411624755/CHEERS RETAIL PRIVAT/ICICI Bank/XXXXXXXX0014/crplicic2,03/02/2022,1748,0,"22,500.00","29,668.00",
03/02/2022,"DEPOSIT-IMPS/203412290788/SELVAKUMARBAALU/Axis Bank/XXXXXXXX0014/,03/02/2022-121",03/02/2022,1749,0,"1,00,000.00","1,29,668.00",
03/02/2022,CLG/000246/PRAVEENA AGENCIES,03/02/2022,246,"4,608.00",0,"1,25,060.00",
03/02/2022,DEPOSIT-IMPS/203412778091/CHEERS RETAIL PRIVAT/ICICI Bank/XXXXXXXX0014/crplicic2,03/02/2022,1752,0,"20,000.00","1,45,060.00",
03/02/2022,CLG/000474/R SQUARE FOOD FACTORY,03/02/2022,474,"10,878.00",0,"1,34,182.00",
03/02/2022,CLG/000480/RAJALAKSHMI FOUNDATION,03/02/2022,480,"24,536.00",0,"1,09,646.00",
03/02/2022,CLG/000521/MEERA AGENCIES,03/02/2022,521,"11,634.00",0,"98,012.00",
03/02/2022,CLG/000531/LAXMI MARKETING,03/02/2022,531,"16,154.00",0,"81,858.00",
03/02/2022,CLG/000539/ARA TRADERS,03/02/2022,539,"20,979.00",0,"60,879.00",
03/02/2022,CLG/000541/DHARMEESH ENTERPRISES,03/02/2022,541,"4,929.00",0,"55,950.00",
03/02/2022,CLG/000545/RAJALAKSHMI FOUNDATION,03/02/2022,545,"5,045.00",0,"50,905.00",
03/02/2022,CLG/000549/S V S AGENCY,03/02/2022,549,"22,000.00",0,"28,905.00",
03/02/2022,CLG/000570/SRI SAI SANJEEV AGENCIES,03/02/2022,570,"3,120.00",0,"25,785.00",
03/02/2022,CLG/000598/BABA ENTERPRISES,03/02/2022,598,"2,584.00",0,"23,201.00",
04/02/2022,DEPOSIT-IMPS/203511021209/CHEERS RETAIL PRIVAT/ICICI Bank/XXXXXXXX0014/crplic2ba,04/02/2022,1786,0,"26,900.00","50,101.00",
04/02/2022,CLG/000479/G G AGENCIES,04/02/2022,479,"9,661.00",0,"40,440.00",
04/02/2022,CLG/000502/SMS MARKETING,04/02/2022,502,"5,906.00",0,"34,534.00",
04/02/2022,CLG/000526/SRI VINAYAGA AGENCIES,04/02/2022,526,"6,376.00",0,"28,158.00",
04/02/2022,DEPOSIT-IMPS/203512236173/CHEERS RETAIL PRIVAT/ICICI Bank/XXXXXXXX0014/crplic2cr,04/02/2022,1793,0,"24,700.00","52,858.00",
04/02/2022,"DEPOSIT-IMPS/203512726125/SELVAKUMARBAALU/Axis Bank/XXXXXXXX0014/,04/02/2022-124",04/02/2022,1794,0,"40,000.00","92,858.00",
04/02/2022,CLG/000478/ESWARI ENTERPRISES,04/02/2022,478,"24,965.00",0,"67,893.00",
04/02/2022,CLG/000483/SAIRAM MARKETING,04/02/2022,483,"16,594.00",0,"51,299.00",
04/02/2022,CLG/000535/ARCHANA TRADING,04/02/2022,535,"16,500.00",0,"34,799.00",
04/02/2022,CLG/000561/INDRA AGENCIES,04/02/2022,561,"20,737.00",0,"14,062.00",
04/02/2022,CLG/000562/SRI ROSHINI   CO,04/02/2022,562,"12,852.00",0,"1,210.00",
05/02/2022,DEPOSIT-IMPS/203611778099/CHEERS RETAIL PRIVAT/ICICI Bank/XXXXXXXX0014/crplici2b,05/02/2022,1810,0,"21,800.00","23,010.00",
05/02/2022,CLG/000492/DURGA ENTERPRISES,05/02/2022,492,"13,543.00",0,"9,467.00",
05/02/2022,CLG/000581/ANNAI AGENCIES,05/02/2022,581,"8,176.00",0,"1,291.00",
05/02/2022,"DEPOSIT-IMPS/203612418718/SELVAKUMARBAALU/Axis Bank/XXXXXXXX0014/,05/02/2022-122",05/02/2022,1817,0,"28,000.00","29,291.00",
05/02/2022,DEPOSIT-IMPS/203612072188/CHEERS RETAIL PRIVAT/ICICI Bank/XXXXXXXX0014/crplicic2,05/02/2022,1818,0,"20,300.00","49,591.00",
05/02/2022,"DEPOSIT-IMPS/203612107850/CHEERS RETAIL PRIVAT/ICICI Bank/XXXXXXXX0014/ici2bnad,",05/02/2022,1819,0,"11,400.00","60,991.00",
05/02/2022,"DEPOSIT-IMPS/203612610181/SELVAKUMARBAALU/Axis Bank/XXXXXXXX0014/,05/02/2022-125",05/02/2022,1820,0,"5,300.00","66,291.00",
05/02/2022,"DEPOSIT-IMPS/203612614417/SELVAKUMARBAALU/Axis Bank/XXXXXXXX0014/,05/02/2022-125",05/02/2022,1821,0,"1,700.00","67,991.00",
05/02/2022,CLG/000518/NR ENTERPRISES,05/02/2022,518,"11,326.00",0,"56,665.00",
05/02/2022,CLG/000530/LAXMI MARKETING,05/02/2022,530,"15,000.00",0,"41,665.00",
05/02/2022,CLG/000547/RAJALAKSHMI FOUNDATION,05/02/2022,547,"16,000.00",0,"25,665.00",
05/02/2022,CLG/000550/S V S AGENCY,05/02/2022,550,"23,000.00",0,"2,665.00",
05/02/2022,RTN/CLG/000608/Funds Insufficient/JAINMARKETING,05/02/2022,1834,"8,136.00",0,"-5,471.00",
05/02/2022,RTN/CLG/000608/Funds Insufficient/JAINMARKETING,05/02/2022,1835,0,"8,136.00","2,665.00",
05/02/2022,RTN/CHRGS/CLG/000608/Funds Insufficient/,05/02/2022,1836,590,0,"2,075.00",
05/02/2022,RTN/CLG/000618/Funds Insufficient/BAKKIYA TRADING COMPANY,05/02/2022,1837,"4,794.00",0,"-2,719.00",
05/02/2022,RTN/CLG/000618/Funds Insufficient/BAKKIYA TRADING COMPANY,05/02/2022,1838,0,"4,794.00","2,075.00",
05/02/2022,RTN/CHRGS/CLG/000618/Funds Insufficient/,05/02/2022,1839,590,0,"1,485.00",
05/02/2022,"DEPOSIT-IMPS/203613721641/SELVAKUMARBAALU/Axis Bank/XXXXXXXX0014/,05/02/2022-131",05/02/2022,1840,0,"15,000.00","16,485.00",
05/02/2022,CLG 000608 JAIN MARKETING,05/02/2022,608,"8,136.00",0,"8,349.00",
05/02/2022,CLG 000618 BAKKIYA TRADING,05/02/2022,618,"4,794.00",0,"3,555.00",
07/02/2022,CLG/000439/MUBARAK,07/02/2022,439,"2,000.00",0,"1,555.00",
07/02/2022,DEPOSIT-IMPS/203811163781/CHEERS RETAIL PRIVAT/ICICI Bank/XXXXXXXX0014/crplic2ba,07/02/2022,1846,0,"51,000.00","52,555.00",
07/02/2022,"DEPOSIT-IMPS/203812800932/SELVAKUMARBAALU/Axis Bank/XXXXXXXX0014/crplbandhan,07/",07/02/2022,1847,0,"40,000.00","92,555.00",
07/02/2022,DEPOSIT-IMPS/203812445134/CHEERS RETAIL PRIVAT/ICICI Bank/XXXXXXXX0014/crplic2ba,07/02/2022,1848,0,"35,000.00","1,27,555.00",
07/02/2022,CLG/000243/SRI VALLIAPPA AGENCIES,07/02/2022,243,"3,902.00",0,"1,23,653.00",
07/02/2022,CLG/000340/AMALGAMFROZENFOODSP,07/02/2022,340,"13,479.00",0,"1,10,174.00",
07/02/2022,CLG/000456/SUPREME AGENCIES,07/02/2022,456,"6,520.00",0,"1,03,654.00",
07/02/2022,CLG/000472/BULLOCKCARTDELIVERIE,07/02/2022,472,"17,011.00",0,"86,643.00",
07/02/2022,CLG/000486/ASHRIYA ENTERPRISES,07/02/2022,486,"6,619.00",0,"80,024.00",
07/02/2022,CLG/000491/DURGA ENTERPRISES,07/02/2022,491,"4,116.00",0,"75,908.00",
07/02/2022,CLG/000495/ANKASUMMORFOODSPVTLTDCHN,07/02/2022,495,"8,689.00",0,"67,219.00",
07/02/2022,CLG/000546/RAJALAKSHMI FOUNDATION,07/02/2022,546,"16,172.00",0,"51,047.00",
07/02/2022,CLG/000571/ESWARI ENTERPRISES,07/02/2022,571,"19,010.00",0,"32,037.00",
07/02/2022,CLG/000578/MEHTA AGENCIES,07/02/2022,578,"18,779.00",0,"13,258.00",
08/02/2022,CLG/000285/SAAGA DISTRIBUTORS,08/02/2022,285,"12,870.00",0,388,
08/02/2022,"DEPOSIT-IMPS/203912939203/SELVAKUMARBAALU/Axis Bank/XXXXXXXX0014/,08/02/2022-124",08/02/2022,1882,0,"50,000.00","50,388.00",
08/02/2022,DEPOSIT-IMPS/203912240772/CHEERS RETAIL PRIVAT/ICICI Bank/XXXXXXXX0014/crplic2ba,08/02/2022,1883,0,"30,500.00","80,888.00",
08/02/2022,CLG/000488/SUPREME AGENCIES,08/02/2022,488,"6,796.00",0,"74,092.00",
08/02/2022,CLG/000504/SWASTICAGENCIES,08/02/2022,504,"17,439.00",0,"56,653.00",
08/02/2022,CLG/000505/INDIA SWEET COMPANY PRIV,08/02/2022,505,"14,878.00",0,"41,775.00",
08/02/2022,CLG/000551/S V S AGENCY,08/02/2022,551,"24,000.00",0,"17,775.00",
08/02/2022,CLG/000569/BAKKIYA TRADING COMPANY,08/02/2022,569,"6,364.00",0,"11,411.00",
08/02/2022,CLG/000613/RAJALAKSHMI FOUNDATION,08/02/2022,613,"9,204.00",0,"2,207.00",
09/02/2022,DEPOSIT-IMPS/204012710409/CHEERS RETAIL PRIVAT/ICICI Bank/XXXXXXXX0014/crplicic2,09/02/2022,1902,0,"42,300.00","44,507.00",
09/02/2022,DEPOSIT-IMPS/204012844510/CHEERS RETAIL PRIVAT/ICICI Bank/XXXXXXXX0014/crici2ban,09/02/2022,1903,0,"4,000.00","48,507.00",
09/02/2022,CLG/000019/DRUMS FOOD INTERNATIONAL,09/02/2022,19,"11,036.00",0,"37,471.00",
09/02/2022,CLG/000528/NIRMALDISTRIBUTORS,09/02/2022,528,"10,965.00",0,"26,506.00",
09/02/2022,CLG/000587/ZARAH DISTRIBUTORS LLP,09/02/2022,587,"16,000.00",0,"10,506.00",
09/02/2022,RTN/CLG/000600/Funds Insufficient/T J AGENCIES PH  4424335,09/02/2022,1913,"14,516.00",0,"-4,010.00",
09/02/2022,RTN/CLG/000600/Funds Insufficient/T J AGENCIES PH  4424335,09/02/2022,1914,0,"14,516.00","10,506.00",
09/02/2022,RTN/CHRGS/CLG/000600/Funds Insufficient/,09/02/2022,1915,590,0,"9,916.00",
09/02/2022,RTN/CLG/000605/Funds Insufficient/AKSHIT TRADERS,09/02/2022,1916,"22,826.00",0,"-12,910.00",
09/02/2022,RTN/CLG/000605/Funds Insufficient/AKSHIT TRADERS,09/02/2022,1917,0,"22,826.00","9,916.00",
09/02/2022,RTN/CHRGS/CLG/000605/Funds Insufficient/,09/02/2022,1918,590,0,"9,326.00",
09/02/2022,DEPOSIT-IMPS/204013787718/N P RAJESHWARAN/South Indian Bank/XXXXXXXX0014/MB NPR,09/02/2022,1919,0,"20,000.00","29,326.00",
10/02/2022,S GURUSAMY,10/02/2022,496,"12,654.00",0,"16,672.00",
10/02/2022,DEPOSIT-IMPS/204111203318/CHEERS RETAIL PRIVAT/ICICI Bank/XXXXXXXX0014/cricic2ba,10/02/2022,1921,0,"42,500.00","59,172.00",
10/02/2022,CLG/000476/BENANI FOODS PRIVATE LIMI,10/02/2022,476,"4,987.00",0,"54,185.00",
10/02/2022,CLG/000477/BENANI FOODS PRIVATE LIMI,10/02/2022,477,"3,755.00",0,"50,430.00",
10/02/2022,CLG/000552/S V S AGENCY,10/02/2022,552,"25,837.00",0,"24,593.00",
10/02/2022,CLG/000558/SARAVANA AGENCIES,10/02/2022,558,"17,039.00",0,"7,554.00",
10/02/2022,CLG/000595/KAVYAENTERPRISES,10/02/2022,595,"4,201.00",0,"3,353.00",
10/02/2022,DEPOSIT-IMPS/204112427733/CHEERS RETAIL PRIVAT/ICICI Bank/XXXXXXXX0014/crplici2b,10/02/2022,1937,0,"8,300.00","11,653.00",
10/02/2022,"DEPOSIT-IMPS/204112194789/SELVAKUMARBAALU/Axis Bank/XXXXXXXX0014/,10/02/2022-122",10/02/2022,1938,0,"43,000.00","54,653.00",
10/02/2022,"DEPOSIT-IMPS/204112237863/SELVAKUMARBAALU/Axis Bank/XXXXXXXX0014/,10/02/2022-123",10/02/2022,1939,0,"2,000.00","56,653.00",
10/02/2022,CLG/000576/MAARA INDUSTRIES,10/02/2022,576,"14,000.00",0,"42,653.00",
10/02/2022,CLG/000588/ZARAH DISTRIBUTORS LLP,10/02/2022,588,"17,000.00",0,"25,653.00",
10/02/2022,CLG/000635/ANNAI AGENCIES,10/02/2022,635,"25,188.00",0,465,
11/02/2022,DEPOSIT-IMPS/204212006198/CHEERS RETAIL PRIVAT/ICICI Bank/XXXXXXXX0014/crpl band,11/02/2022,1949,0,"47,000.00","47,465.00",
11/02/2022,"DEPOSIT-IMPS/204212172144/SELVAKUMARBAALU/Axis Bank/XXXXXXXX0014/,11/02/2022-125",11/02/2022,1950,0,"10,000.00","57,465.00",
11/02/2022,CLG/000527/NIRMALDISTRIBUTORS,11/02/2022,527,"22,039.00",0,"35,426.00",
11/02/2022,CLG/000589/ZARAH DISTRIBUTORS LLP,11/02/2022,589,"18,340.00",0,"17,086.00",
11/02/2022,CLG/000620/RIKHAB TRADING COMPANY R,11/02/2022,620,"9,600.00",0,"7,486.00",
14/02/2022,DEPOSIT-IMPS/204511254267/CHEERS RETAIL PRIVAT/ICICI Bank/XXXXXXXX0014/crplic2ba,14/02/2022,1960,0,"53,300.00","60,786.00",
14/02/2022,CLG/000565/PSB ENTERPRISES,14/02/2022,565,"21,735.00",0,"39,051.00",
14/02/2022,CLG/000577/MAARA INDUSTRIES,14/02/2022,577,"12,608.00",0,"26,443.00",
14/02/2022,CLG/000611/DHARSHAN FRUITS AND VEGE,14/02/2022,611,"21,991.00",0,"4,452.00",
15/02/2022,DEPOSIT-IMPS/204611892737/CHEERS RETAIL PRIVAT/ICICI Bank/XXXXXXXX0014/crplici2b,15/02/2022,1972,0,"1,00,000.00","1,04,452.00",
15/02/2022,CLG/000607/SRINIVASA TRADERS,15/02/2022,607,"1,763.00",0,"1,02,689.00",
15/02/2022,CLG/000612/THE BARN,15/02/2022,612,"1,781.00",0,"1,00,908.00",
15/02/2022,CLG/000605/AKSHIT TRADERS,15/02/2022,605,"22,826.00",0,"78,082.00",
15/02/2022,CLG/000651/RHINO SENTINEL AND ALLIE,15/02/2022,651,"30,000.00",0,"48,082.00",
15/02/2022,DEPOSIT-IMPS/204612042776/CHEERS RETAIL PRIVAT/ICICI Bank/XXXXXXXX0014/crplic2ba,15/02/2022,1983,0,"30,000.00","78,082.00",
15/02/2022,CLG/000494/S J ENTERPRISES,15/02/2022,494,"5,151.00",0,"72,931.00",
15/02/2022,CLG/000503/SRIVINAYAKAAGENCIES,15/02/2022,503,"13,775.00",0,"59,156.00",
15/02/2022,CLG/000573/SAIRAM MARKETING,15/02/2022,573,"6,696.00",0,"52,460.00",
15/02/2022,CLG/000575/JAYALAKSHMI ENTERPRI,15/02/2022,575,"18,890.00",0,"33,570.00",
15/02/2022,CLG/000584/R SQUARE FOOD FACTORY,15/02/2022,584,"13,844.00",0,"19,726.00",
15/02/2022,CLG/000624/SHIVA SCREEN AND OFFSET,15/02/2022,624,"6,405.00",0,"13,321.00",
15/02/2022,CLG/000637/ANNAI FOOD PRODUCTS PRIVA,15/02/2022,637,"8,464.00",0,"4,857.00",
16/02/2022,DEPOSIT-IMPS/204712324287/CHEERS RETAIL PRIVAT/ICICI Bank/XXXXXXXX0014/crplici2b,16/02/2022,2005,0,"35,400.00","40,257.00",
16/02/2022,DEPOSIT-IMPS/204712132795/N P RAJESHWARAN/South Indian Bank/XXXXXXXX0014/MB NPR,16/02/2022,2006,0,"4,000.00","44,257.00",
16/02/2022,DEPOSIT-IMPS/204712373852/CHEERS RETAIL PRIVAT/ICICI Bank/XXXXXXXX0014/crplici2b,16/02/2022,2007,0,"3,000.00","47,257.00",
16/02/2022,CLG/000675/T J AGENCIES PH  4424335,16/02/2022,675,"14,516.00",0,"32,741.00",
16/02/2022,CLG/000493/SRI JAYALAKSHMI ENTERPRI,16/02/2022,493,"27,171.00",0,"5,570.00",
17/02/2022,CLG/000582/MANJU CHEMICALS PVT LTD,17/02/2022,582,"5,411.00",0,159,
17/02/2022,DEPOSIT-IMPS/204812540927/CHEERS RETAIL PRIVAT/ICICI Bank/XXXXXXXX0014/crplic2ba,17/02/2022,2017,0,"12,000.00","12,159.00",
17/02/2022,DEPOSIT-IMPS/204812188903/N P RAJESHWARAN/South Indian Bank/XXXXXXXX0014/MB NPR,17/02/2022,2018,0,"4,500.00","16,659.00",
17/02/2022,DEPOSIT-IMPS/204812676164/CHEERS RETAIL PRIVAT/ICICI Bank/XXXXXXXX0014/CRPLBANDH,17/02/2022,2019,0,"14,800.00","31,459.00",
17/02/2022,"DEPOSIT-IMPS/204812563526/SELVAKUMARBAALU/Axis Bank/XXXXXXXX0014/,17/02/2022-125",17/02/2022,2020,0,"25,000.00","56,459.00",
17/02/2022,CLG/000336/SREE SAI ENTERPRISES,17/02/2022,336,"14,012.00",0,"42,447.00",
17/02/2022,CLG/000623/SHIVA SCREEN AND OFFSET,17/02/2022,623,"1,086.00",0,"41,361.00",
17/02/2022,CLG/000625/ASHRIYA ENTERPRISES,17/02/2022,625,"11,424.00",0,"29,937.00",
17/02/2022,CLG/000642/GEETHA AGENCIES,17/02/2022,642,"8,411.00",0,"21,526.00",
18/02/2022,DEPOSIT-IMPS/204912043572/CHEERS RETAIL PRIVAT/ICICI Bank/XXXXXXXX0014/crplici2b,18/02/2022,2036,0,"27,000.00","48,526.00",
18/02/2022,CLG/000523/ADITHYA CO,18/02/2022,523,"16,400.00",0,"32,126.00",
18/02/2022,CLG/000615/NATURAL OFFICE MART,18/02/2022,615,"1,906.00",0,"30,220.00",
18/02/2022,CLG/000626/SHRI YASANAH ENTERPRISE,18/02/2022,626,"2,417.00",0,"27,803.00",
18/02/2022,DEPOSIT-IMPS/204912143284/CHEERS RETAIL PRIVAT/ICICI Bank/XXXXXXXX0014/crplici2b,18/02/2022,2043,0,"31,000.00","58,803.00",
18/02/2022,CLG/000639/saoa,18/02/2022,639,"18,850.00",0,"39,953.00",
18/02/2022,CLG/000654/JAYALAKSHMI ENTERPRI,18/02/2022,654,"7,500.00",0,"32,453.00",
18/02/2022,CLG/000657/G L DISTRIBUTORS LLP,18/02/2022,657,"19,936.00",0,"12,517.00",
18/02/2022,CLG/000679/RIKHAB TRADING COMPANY R,18/02/2022,679,"9,400.00",0,"3,117.00",
19/02/2022,DEPOSIT-IMPS/205011139900/CHEERS RETAIL PRIVAT/ICICI Bank/XXXXXXXX0014/CRPLBANDH,19/02/2022,2056,0,"22,400.00","25,517.00",
19/02/2022,"DEPOSIT-IMPS/205011307809/CHEERS RETAIL PRIVAT/ICICI Bank/XXXXXXXX0014/ici2band,",19/02/2022,2058,0,"17,400.00","42,917.00",
19/02/2022,CLG/000591/BENANI FOODS PRIVATE LIMI,19/02/2022,591,"4,665.00",0,"38,252.00",
20/02/2022,WDL-IMPS/205121012142/CHEERS RETAIL PRIVATE LIMITED/ICIC0003995/XXXXXXXX0409/,20/02/2022,2061,"38,000.00",0,252,
21/02/2022,DEPOSIT-IMPS/205212529550/CHEERS RETAIL PRIVAT/ICICI Bank/XXXXXXXX0014/CRPLBANDH,21/02/2022,2062,0,"17,900.00","18,152.00",
21/02/2022,WDL-IMPS/205214008808/SELVAKUMAR BAALU/UTIB0000676/XXXXXXXXXXX6311/,21/02/2022,2063,"15,000.00",0,"3,152.00",
22/02/2022,WDL-IMPS/205310003503/SELVAKUMAR BAALU/UTIB0000676/XXXXXXXXXXX6311/,22/02/2022,2064,"3,000.00",0,152,
22/02/2022,"DEPOSIT-IMPS/205312897172/SELVAKUMARBAALU/Axis Bank/XXXXXXXX0014/,22/02/2022-121",22/02/2022,2065,0,"86,000.00","86,152.00",
22/02/2022,DEPOSIT-IMPS/205312415432/N P RAJESHWARAN/South Indian Bank/XXXXXXXX0014/MB NPR,22/02/2022,2066,0,"25,000.00","1,11,152.00",
22/02/2022,CASH/1841/SELF,22/02/2022,2067,0,"20,000.00","1,31,152.00",
22/02/2022,CASH/1841/SELF,22/02/2022,2068,0,"8,000.00","1,39,152.00",
22/02/2022,"DEPOSIT-IMPS/205312301028/CHEERS RETAIL PRIVAT/ICICI Bank/XXXXXXXX0014/ici2band,",22/02/2022,2069,0,"5,700.00","1,44,852.00",
22/02/2022,CLG/000673/GIRI BROTHERS,22/02/2022,673,"3,363.00",0,"1,41,489.00",
22/02/2022,CLG/000683/A R ENTERPRISES,22/02/2022,683,"3,500.00",0,"1,37,989.00",
22/02/2022,CLG/000391/JAGADEESH ENTERPRISES,22/02/2022,391,"23,062.00",0,"1,14,927.00",
22/02/2022,CLG/000522/ADITHYA CO,22/02/2022,522,"25,269.00",0,"89,658.00",
22/02/2022,CLG/000524/SRI JEET TRADERS,22/02/2022,524,"20,116.00",0,"69,542.00",
22/02/2022,CLG/000525/SRI JEET TRADERS,22/02/2022,525,"19,000.00",0,"50,542.00",
22/02/2022,CLG/000559/CUSTOM APPAREL,22/02/2022,559,"6,616.00",0,"43,926.00",
22/02/2022,CLG/000590/KATARIYAAGENCIES,22/02/2022,590,"7,308.00",0,"36,618.00",
22/02/2022,CLG/000592/KRISHNA TRADING,22/02/2022,592,"20,000.00",0,"16,618.00",
22/02/2022,CLG/000609/VENKATESHWARA HATCHERIES,22/02/2022,609,"12,076.00",0,"4,542.00",
22/02/2022,RTN/CLG/000629/Funds Insufficient/B VISWANATHAN,22/02/2022,2100,"22,450.00",0,"-17,908.00",
22/02/2022,RTN/CLG/000629/Funds Insufficient/B VISWANATHAN,22/02/2022,2101,0,"22,450.00","4,542.00",
22/02/2022,RTN/CHRGS/CLG/000629/Funds Insufficient/,22/02/2022,2102,590,0,"3,952.00",
22/02/2022,RTN/CLG/000638/Funds Insufficient/MSKARTHICKAGENCY,22/02/2022,2103,"14,887.00",0,"-10,935.00",
22/02/2022,RTN/CLG/000638/Funds Insufficient/MSKARTHICKAGENCY,22/02/2022,2104,0,"14,887.00","3,952.00",
22/02/2022,RTN/CHRGS/CLG/000638/Funds Insufficient/,22/02/2022,2105,590,0,"3,362.00",
22/02/2022,CLG/000653/SREE GOKULAM FOOD AND BEV,22/02/2022,653,"3,000.00",0,362,
22/02/2022,RTN/CLG/000660/Funds Insufficient/BABA ENTERPRISES,22/02/2022,2110,"2,318.00",0,"-1,956.00",
22/02/2022,RTN/CLG/000660/Funds Insufficient/BABA ENTERPRISES,22/02/2022,2111,0,"2,318.00",362,
22/02/2022,RTN/CLG/000672/Funds Insufficient/JAI MARKETING AGENCYS,22/02/2022,2114,"4,428.00",0,"-4,066.00",
22/02/2022,RTN/CLG/000672/Funds Insufficient/JAI MARKETING AGENCYS,22/02/2022,2115,0,"4,428.00",362,
22/02/2022,RTN/CLG/000674/Funds Insufficient/A PLUS EXPORT PRIVATE LI,22/02/2022,2117,"24,320.00",0,"-23,958.00",
22/02/2022,RTN/CLG/000674/Funds Insufficient/A PLUS EXPORT PRIVATE LI,22/02/2022,2118,0,"24,320.00",362,
22/02/2022,RTN/CLG/000686/Funds Insufficient/SHRI SADHGURU LIFECARE,22/02/2022,2120,"4,281.00",0,"-3,919.00",
22/02/2022,RTN/CLG/000686/Funds Insufficient/SHRI SADHGURU LIFECARE,22/02/2022,2121,0,"4,281.00",362,
22/02/2022,"DEPOSIT-IMPS/205313134613/SELVAKUMARBAALU/Axis Bank/XXXXXXXX0014/,22/02/2022-131",22/02/2022,2122,0,"2,000.00","2,362.00",
23/02/2022,DEPOSIT-IMPS/205411536088/CHEERS RETAIL PRIVAT/ICICI Bank/XXXXXXXX0014/crplic2ba,23/02/2022,2123,0,"49,500.00","51,862.00",
23/02/2022,CLG/000534/BACKIYASTORES,23/02/2022,534,"9,988.00",0,"41,874.00",
23/02/2022,CLG/000593/KRISHNA TRADING,23/02/2022,593,"15,000.00",0,"26,874.00",
23/02/2022,CLG/000640/CRYSTALENTERPRISES,23/02/2022,640,"14,218.00",0,"12,656.00",
23/02/2022,"DEPOSIT-IMPS/205412655009/SELVAKUMARBAALU/Axis Bank/XXXXXXXX0014/,23/02/2022-125",23/02/2022,2133,0,"17,000.00","29,656.00",
23/02/2022,"DEPOSIT-IMPS/205412896415/CHEERS RETAIL PRIVAT/ICICI Bank/XXXXXXXX0014/ici2band,",23/02/2022,2134,0,"8,600.00","38,256.00",
23/02/2022,"DEPOSIT-IMPS/205412677441/SELVAKUMARBAALU/Axis Bank/XXXXXXXX0014/,23/02/2022-125",23/02/2022,2135,0,"2,000.00","40,256.00",
23/02/2022,CASH/1841/SELF,23/02/2022,2136,0,"4,100.00","44,356.00",
23/02/2022,CLG/000652/RHINO SENTINEL AND ALLIE,23/02/2022,652,"27,420.00",0,"16,936.00",
23/02/2022,S GURUSAMY,23/02/2022,671,"7,377.00",0,"9,559.00",
23/02/2022,WDL-IMPS/205421019306/SELVAKUMAR BAALU/UTIB0000676/XXXXXXXXXXX6311/,23/02/2022,2141,"6,000.00",0,"3,559.00",
24/02/2022,DEPOSIT-IMPS/205512425343/CHEERS RETAIL PRIVAT/ICICI Bank/XXXXXXXX0014/crplici2b,24/02/2022,2142,0,"10,600.00","14,159.00",
24/02/2022,DEPOSIT-IMPS/205512526684/CHEERS RETAIL PRIVAT/ICICI Bank/XXXXXXXX0014/crplic2ba,24/02/2022,2143,0,"11,000.00","25,159.00",
24/02/2022,CASH/1841/SELF,24/02/2022,2144,0,"3,005.00","28,164.00",
24/02/2022,CASH/1841/SELF,24/02/2022,2145,0,"69,000.00","97,164.00",
24/02/2022,GURUSAMY S,24/02/2022,670,"4,080.00",0,"93,084.00",
24/02/2022,"DEPOSIT-IMPS/205512552906/SELVAKUMARBAALU/Axis Bank/XXXXXXXX0014/,24/02/2022-125",24/02/2022,2147,0,"10,500.00","1,03,584.00",
24/02/2022,CLG/000585/J S AGENCIES,24/02/2022,585,"18,779.00",0,"84,805.00",
24/02/2022,CLG/000622/RIKHAB TRADING COMPANY R,24/02/2022,622,"15,000.00",0,"69,805.00",
24/02/2022,CLG/000643/SUN AGRO COM RESOURCES,24/02/2022,643,"3,897.00",0,"65,908.00",
24/02/2022,CLG/000681/ATCHAYAS,24/02/2022,681,"22,000.00",0,"43,908.00",
24/02/2022,CLG/000682/ATCHAYASBRITANNIAAC,24/02/2022,682,"17,065.00",0,"26,843.00",
24/02/2022,CLG/000733/A PLUS EXPORTS PRIVATE L,24/02/2022,733,"24,320.00",0,"2,523.00",
25/02/2022,CASH/1841/SELF,25/02/2022,2166,0,"4,000.00","6,523.00",
25/02/2022,DEPOSIT-IMPS/205611884723/CHEERS RETAIL PRIVAT/ICICI Bank/XXXXXXXX0014/crici2ban,25/02/2022,2167,0,"26,800.00","33,323.00",
25/02/2022,DEPOSIT-IMPS/205612125863/CHEERS RETAIL PRIVAT/ICICI Bank/XXXXXXXX0014/crplic2cr,25/02/2022,2168,0,"5,000.00","38,323.00",
25/02/2022,"DEPOSIT-IMPS/205612344873/SELVAKUMARBAALU/Axis Bank/XXXXXXXX0014/,25/02/2022-124",25/02/2022,2169,0,"60,000.00","98,323.00",
25/02/2022,CLG/000557/RAJA SNACKS AND SWEETS,25/02/2022,557,"8,233.00",0,"90,090.00",
25/02/2022,CLG/000563/N S ENTERPRISES,25/02/2022,563,"9,255.00",0,"80,835.00",
25/02/2022,CLG/000641/DHARSHAN FRUITS VEGETABL,25/02/2022,641,"23,106.00",0,"57,729.00",
25/02/2022,CLG/000647/BULLOCKCARTDELIVERIE,25/02/2022,647,"15,198.00",0,"42,531.00",
25/02/2022,WDL-IMPS/205619015535/SELVAKUMAR BAALU/UTIB0000676/XXXXXXXXXXX6311/,25/02/2022,2182,"40,000.00",0,"2,531.00",
26/02/2022,Recovery of RTN/CHRGS/CLG/000686/Funds Insufficient/ - 22/02/22,26/02/2022,2184,"2,360.00",0,171,
28/02/2022,DEPOSIT-IMPS/205911067275/CHEERS RETAIL PRIVAT/ICICI Bank/XXXXXXXX0014/ici2bandh,28/02/2022,2185,0,"61,000.00","61,171.00",
28/02/2022,CLG/000475/BENANI FOODS PRIVATE LIMI,28/02/2022,475,"3,432.00",0,"57,739.00",
28/02/2022,CLG/000583/RADHIKA AGENCIES,28/02/2022,583,"18,504.00",0,"39,235.00",
28/02/2022,CLG/000586/J S AGENCIES,28/02/2022,586,"16,000.00",0,"23,235.00",
28/02/2022,CLG/000617/SUPREME AGENCIES,28/02/2022,617,"6,380.00",0,"16,855.00",
28/02/2022,CLG/000627/R V ENTERPRISES,28/02/2022,627,"9,791.00",0,"7,064.00",
28/02/2022,CLG/000628/SUPREME AGENCIES,28/02/2022,628,"4,985.00",0,"2,079.00",
28/02/2022,CASH/1841/SELF,28/02/2022,2204,0,"55,500.00","57,579.00",
28/02/2022,DEPOSIT-IMPS/205912553308/CHEERS RETAIL PRIVAT/ICICI Bank/XXXXXXXX0014/crici2ban,28/02/2022,2205,0,"12,200.00","69,779.00",
28/02/2022,CASH/1841/SELF,28/02/2022,2206,0,"20,000.00","89,779.00",
28/02/2022,CLG/000629/B VISWANATHAN,28/02/2022,629,"22,450.00",0,"67,329.00",
28/02/2022,CLG/000632/SYSTECH CREATIVE,28/02/2022,632,"17,541.00",0,"49,788.00",
28/02/2022,CLG/000636/TANNYS GOURMET FOODS LLP,28/02/2022,636,"9,144.00",0,"40,644.00",
28/02/2022,CLG/000646/ARCHANA TRADING,28/02/2022,646,"13,000.00",0,"27,644.00",
28/02/2022,CLG/000667/SKY OFFICE MART,28/02/2022,667,"9,095.00",0,"18,549.00",
28/02/2022,CLG/000688/SUN AGRO COM RESOURCES,28/02/2022,688,"5,329.00",0,"13,220.00",
28/02/2022,CLG/000660/BABA ENTERPRISES,28/02/2022,660,"2,318.00",0,"10,902.00",
28/02/2022,GURUSAMY S,28/02/2022,668,"5,000.00",0,"5,902.00",
28/02/2022,MAB Charge for the period February,28/02/2022,2229,"1,180.00",0,"4,722.00",
01/03/2022,DEPOSIT-IMPS/206011105287/CHEERS RETAIL PRIVAT/ICICI Bank/XXXXXXXX0014/cricic2ba,01/03/2022,2230,0,"20,800.00","25,522.00",
01/03/2022,CLG/000485/YAKULT DANONE INDIA PVT,01/03/2022,485,"1,317.00",0,"24,205.00",
01/03/2022,CLG/000645/ARCHANA TRADING,01/03/2022,645,"12,070.00",0,"12,135.00",
01/03/2022,"DEPOSIT-IMPS/206012455755/SELVAKUMARBAALU/Axis Bank/XXXXXXXX0014/,01/03/2022-123",01/03/2022,2237,0,"23,000.00","35,135.00",
01/03/2022,CLG/000621/RIKHAB TRADING COMPANY R,01/03/2022,621,"15,530.00",0,"19,605.00",
01/03/2022,CLG/000631/SAKTHI ENTERPRISES,01/03/2022,631,"16,960.00",0,"2,645.00",
01/03/2022,RTN/CLG/000554/Instrument out dated / stale/SRI BALA ASSOCIATE SUBRA,01/03/2022,2244,"7,016.00",0,"-4,371.00",
01/03/2022,RTN/CLG/000554/Instrument out dated / stale/SRI BALA ASSOCIATE SUBRA,01/03/2022,2245,0,"7,016.00","2,645.00",
01/03/2022,RTN/CLG/000662/Funds Insufficient/SAKTHI TRADERS,01/03/2022,2246,"14,000.00",0,"-11,355.00",
01/03/2022,RTN/CLG/000662/Funds Insufficient/SAKTHI TRADERS,01/03/2022,2247,0,"14,000.00","2,645.00",
01/03/2022,RTN/CHRGS/CLG/000662/Funds Insufficient/,01/03/2022,2248,590,0,"2,055.00",
01/03/2022,RTN/CLG/000650/Funds Insufficient/RHINO SENTINEL AND ALLIE,01/03/2022,2249,"12,870.00",0,"-10,815.00",
01/03/2022,RTN/CLG/000650/Funds Insufficient/RHINO SENTINEL AND ALLIE,01/03/2022,2250,0,"12,870.00","2,055.00",
01/03/2022,RTN/CHRGS/CLG/000650/Funds Insufficient/,01/03/2022,2251,590,0,"1,465.00",
01/03/2022,RTN/CLG/000680/Funds Insufficient/ATCHAYAS,01/03/2022,2252,"21,000.00",0,"-19,535.00",
01/03/2022,RTN/CLG/000680/Funds Insufficient/ATCHAYAS,01/03/2022,2253,0,"21,000.00","1,465.00",
01/03/2022,RTN/CHRGS/CLG/000680/Funds Insufficient/,01/03/2022,2254,590,0,875,
01/03/2022,RTN/CLG/000731/Funds Insufficient/BHARTI AIRTEL LIMITEDSB,01/03/2022,2255,"16,054.00",0,"-15,179.00",
01/03/2022,RTN/CLG/000731/Funds Insufficient/BHARTI AIRTEL LIMITEDSB,01/03/2022,2256,0,"16,054.00",875,
01/03/2022,RTN/CHRGS/CLG/000731/Funds Insufficient/,01/03/2022,2257,590,0,285,
02/03/2022,"DEPOSIT-IMPS/206111473006/CHEERS RETAIL PRIVAT/ICICI Bank/XXXXXXXX0014/ici2band,",02/03/2022,2258,0,"69,700.00","69,985.00",
02/03/2022,CLG/000603/SUPREME AGENCIES,02/03/2022,603,"7,562.00",0,"62,423.00",
02/03/2022,CLG/000616/MEHTA AGENCIES,02/03/2022,616,"10,982.00",0,"51,441.00",
02/03/2022,CLG/000659/SUPREME AGENCIES,02/03/2022,659,"3,985.00",0,"47,456.00",
02/03/2022,CLG/000686/SHRI SADHGURU LIFE CARE,02/03/2022,686,"4,281.00",0,"43,175.00",
02/03/2022,CLG/000695/RAJALAKSHMI FOUNDATION,02/03/2022,695,"10,376.00",0,"32,799.00",
02/03/2022,CLG/000712/ANNAI AGENCIES,02/03/2022,712,"18,000.00",0,"14,799.00",
02/03/2022,DEPOSIT-IMPS/206112849979/N P RAJESHWARAN/South Indian Bank/XXXXXXXX0014/MB NPR,02/03/2022,2277,0,"22,000.00","36,799.00",
02/03/2022,DEPOSIT-IMPS/206112911445/CHEERS RETAIL PRIVAT/ICICI Bank/XXXXXXXX0014/icic2band,02/03/2022,2278,0,"12,600.00","49,399.00",
02/03/2022,CLG/000724/SAROJINITRADERS,02/03/2022,724,"17,751.00",0,"31,648.00",
02/03/2022,CLG/000655/MARSTRADINGMART,02/03/2022,655,"15,162.00",0,"16,486.00",
03/03/2022,WDL-IMPS/206210004502/SELVAKUMAR BAALU/UTIB0000676/XXXXXXXXXXX6311/,03/03/2022,2285,"16,000.00",0,486,
03/03/2022,DEPOSIT-IMPS/206212966238/CHEERS RETAIL PRIVAT/ICICI Bank/XXXXXXXX0014/cric2band,03/03/2022,2286,0,"28,400.00","28,886.00",
03/03/2022,,03/03/2022,2287,0,"35,000.00","63,886.00",
03/03/2022,CASH/1841/SELF,03/03/2022,2288,0,"50,000.00","1,13,886.00",
03/03/2022,CLG/000650/RHINO SENTINEL AND ALLIE,03/03/2022,650,"12,870.00",0,"1,01,016.00",
03/03/2022,CLG/000684/ASHRIYA ENTERPRISES,03/03/2022,684,"6,899.00",0,"94,117.00",
03/03/2022,CLG/000691/AATISHWAR ENTERPRISES,03/03/2022,691,"12,664.00",0,"81,453.00",
03/03/2022,CLG/000702/S S TRADERS,03/03/2022,702,"10,590.00",0,"70,863.00",
03/03/2022,CLG/000722/MARSTRADINGMART,03/03/2022,722,"15,000.00",0,"55,863.00",
03/03/2022,CLG/000690/DHARSHAN FUITS AND VEGET,03/03/2022,690,"16,685.00",0,"39,178.00",
03/03/2022,CLG/000713/ANNAI AGENCIES,03/03/2022,713,"19,984.00",0,"19,194.00",
03/03/2022,CLG/000719/JAINMARKETING,03/03/2022,719,"17,169.00",0,"2,025.00",
03/03/2022,WDL-IMPS/206219017472/SELVAKUMAR BAALU/UTIB0000676/XXXXXXXXXXX6311/,03/03/2022,2313,"2,000.00",0,25,
04/03/2022,DEPOSIT-IMPS/206311862849/CHEERS RETAIL PRIVAT/ICICI Bank/XXXXXXXX0014/crplic2ba,04/03/2022,2314,0,"50,800.00","50,825.00",
04/03/2022,CASH/1841/SELF,04/03/2022,2315,0,"2,500.00","53,325.00",
04/03/2022,DEPOSIT-IMPS/206312128085/CHEERS RETAIL PRIVAT/ICICI Bank/XXXXXXXX0014/crplic2ba,04/03/2022,2316,0,"13,400.00","66,725.00",
04/03/2022,DEPOSIT-IMPS/206312143776/CHEERS RETAIL PRIVAT/ICICI Bank/XXXXXXXX0014/CRPLBANDH,04/03/2022,2317,0,"2,000.00","68,725.00",
04/03/2022,DEPOSIT-IMPS/206313976023/N P RAJESHWARAN/South Indian Bank/XXXXXXXX0014/MB NPR,04/03/2022,2318,0,"10,000.00","78,725.00",
04/03/2022,CLG/000689/DHARSHAN FRUITS AND VEGE,04/03/2022,689,"8,391.00",0,"70,334.00",
04/03/2022,CLG/000718/SRI SAI SANJEEV AGENCIES,04/03/2022,718,"10,030.00",0,"60,304.00",
04/03/2022,CLG/000723/MARSTRADINGMART,04/03/2022,723,"16,494.00",0,"43,810.00",
04/03/2022,CLG/000728/VIJAY ENTERPRISES,04/03/2022,728,"15,218.00",0,"28,592.00",
04/03/2022,CLG/000741/BHARTI AIRTEL LIMITEDSB,04/03/2022,741,"16,054.00",0,"12,538.00",
05/03/2022,DEPOSIT-IMPS/206411845034/CHEERS RETAIL PRIVAT/ICICI Bank/XXXXXXXX0014/crplici2b,05/03/2022,2335,0,"52,000.00","64,538.00",
05/03/2022,CLG/000658/T J AGENCIES PH  4424335,05/03/2022,658,"10,686.00",0,"53,852.00",
05/03/2022,CLG/000721/BABA ENTERPRISES,05/03/2022,721,"2,280.00",0,"51,572.00",
05/03/2022,CLG/000697/M.M.B ENTERPRISES,05/03/2022,697,"13,057.00",0,"38,515.00",
05/03/2022,CLG/000708/TANNYSGOURMETFOODSLLP,05/03/2022,708,"4,716.00",0,"33,799.00",
07/03/2022,"DEPOSIT-IMPS/206611933282/CHEERS RETAIL PRIVAT/ICICI Bank/XXXXXXXX0014/ici2band,",07/03/2022,2349,0,"71,000.00","1,04,799.00",
07/03/2022,CLG/000553/CHENNAI TRADERS,07/03/2022,553,"18,975.00",0,"85,824.00",
07/03/2022,CLG/000630/SAKTHI ENTERPRISES,07/03/2022,630,"9,750.00",0,"76,074.00",
07/03/2022,"DEPOSIT-IMPS/206612699318/SELVAKUMARBAALU/Axis Bank/XXXXXXXX0014/,07/03/2022-123",07/03/2022,2354,0,"1,00,000.00","1,76,074.00",
07/03/2022,CLG/000644/A G AGENCIES,07/03/2022,644,"9,797.00",0,"1,66,277.00",
07/03/2022,CLG/000656/MEHTA AGENCIES,07/03/2022,656,"16,038.00",0,"1,50,239.00",
07/03/2022,CLG/000687/SUNNYVALE APARTMENTS OWN,07/03/2022,687,"13,941.00",0,"1,36,298.00",
07/03/2022,CLG/000700/SAIRAM MARKETING,07/03/2022,700,"15,780.00",0,"1,20,518.00",
07/03/2022,CLG/000701/SAIRAM MARKETING,07/03/2022,701,"14,000.00",0,"1,06,518.00",
07/03/2022,CLG/000742/DHARSHAN FRUITS AND VEGE,07/03/2022,742,"29,809.00",0,"76,709.00",
08/03/2022,CLG/000555/INNOVATIVEFOODSLIMITED,08/03/2022,555,"7,848.00",0,"68,861.00",
08/03/2022,CLG/000696/RAJALAKSHMI FOUNDATION,08/03/2022,696,"25,351.00",0,"43,510.00",
08/03/2022,CLG/000707/T J AGENCIES PH  4424335,08/03/2022,707,"11,014.00",0,"32,496.00",
08/03/2022,CLG/000720/JAI BAJRANG BALI AGENCIES,08/03/2022,720,"6,695.00",0,"25,801.00",
09/03/2022,DEPOSIT-IMPS/206811230058/CHEERS RETAIL PRIVAT/ICICI Bank/XXXXXXXX0014/cric2band,09/03/2022,2387,0,"75,000.00","1,00,801.00",
09/03/2022,CLG/000447/Corporation of Chennai,09/03/2022,447,"1,940.00",0,"98,861.00",
09/03/2022,CLG/000672/JAI MARKETING AGENCYS,09/03/2022,672,"4,428.00",0,"94,433.00",
09/03/2022,CLG/000717/CALCARECOMPANY,09/03/2022,717,"2,255.00",0,"92,178.00",
09/03/2022,WDL-IMPS/206819018090/SELVAKUMAR BAALU/UTIB0000676/XXXXXXXXXXX6311/,09/03/2022,2395,"92,000.00",0,178,
10/03/2022,"DEPOSIT-IMPS/206912636540/SELVAKUMARBAALU/Axis Bank/XXXXXXXX0014/,10/03/2022-121",10/03/2022,2396,0,"40,000.00","40,178.00",
10/03/2022,CASH/1753/SELF,10/03/2022,2397,0,"6,629.00","46,807.00",
10/03/2022,CASH/1753/SELF,10/03/2022,2398,0,"4,635.00","51,442.00",
10/03/2022,CASH/1753/SELF,10/03/2022,2399,0,"23,021.00","74,463.00",
10/03/2022,DEPOSIT-IMPS/206912557829/CHEERS RETAIL PRIVAT/ICICI Bank/XXXXXXXX0014/icic2band,10/03/2022,2400,0,"29,000.00","1,03,463.00",
10/03/2022,CLG/000638/MSKARTHICKAGENCY,10/03/2022,638,"14,887.00",0,"88,576.00",
10/03/2022,CLG/000662/SAKTHI TRADERS,10/03/2022,662,"14,000.00",0,"74,576.00",
10/03/2022,CLG/000732/OM SAM INDUSTRIES,10/03/2022,732,"9,450.00",0,"65,126.00",
10/03/2022,WDL-IMPS/206923021062/CHEERS RETAIL PRIVATE LIMITED/ICIC0003995/XXXXXXXX0409/,10/03/2022,2410,"15,000.00",0.00," 50,126.00 ",
10/03/2022,WDL-IMPS/206923021092/CHEERS RETAIL PRIVATE LIMITED/ICIC0003995/XXXXXXXX0409/,10/03/2022,2411,"5,000.00",0.00," 45,126.00 ",
11/03/2022,CASH/1841/SELF,11/03/2022,2413,0.00,"100,000.00"," 1,45,126.00 ",
11/03/2022,WDL-IMPS/207011005097/SELVAKUMAR BAALU/UTIB0000676/XXXXXXXXXXX6311/,11/03/2022,2414,"100,000.00",0.00," 45,126.00 ",
11/03/2022,CLG/000746/DINESH D,11/03/2022,746,"10,350.00",0.00," 34,776.00 ",
11/03/2022,CASH/1753/SELF,11/03/2022,2417,0.00,"7,500.00"," 42,276.00 ",
11/03/2022,CASH/1753/SELF,11/03/2022,2418,0.00,"11,600.00"," 53,876.00 ",
