,,,Detailed Statements,,,,,,,,,,,,,,,,,,,
Account Number  ,1.02E+13,,,,,,,,,,,,,,,,,,,,,
Account Type ,CA Biz Advantage25000 MAB,,,Currency ,INR,,,,,,,,,,,,,,,,,
From Date :,17/01/2022,,,To Date,20/01/2022,,,,,,,,,,,,,,,,,
Customer Name  ,CHEERS RETAIL PRIVATE LIMITED,,,,,,,,,,,,,,,,,,,,,
Address1       ,NO 20 2C CRYSTAL LAWNS HADDOWS ROAD,,,,,,,,,,,,,,,,,,,,,
Address2       ,1ST STREET DIST CHENNAI,,,,,,,,,,,,,,,,,,,,,
Address3       ,,,,,,,,,,,,,,,,,,,,,,
Address4       ,,,,,,,,,,,,,,,,,,,,,,
Pincode        ,600006,,,,,,,,,,,,,,,,,,,,,
Date,Description ,Value Date,Ref / Cheque No,Debit,Credit,Balance,,,,,,,,,,,,,,,,
18/01/2022,DEPOSIT-IMPS/201811046084/CHEERS RETAIL PRIVAT/ICICI Bank/XXXXXXXX0014/crpl icic,18/01/2022,1360,0,"74,000.00","74,170.00",,,,,,,,,,,,,,,,
18/01/2022,CLG/000060/VASANTHAM ENTERPRISES,18/01/2022,60,"20,000.00",0,"54,170.00",,,,,,,,,,,,,,,,
18/01/2022,CLG/000415/SHREE MAHALAKSHMI ENTERP,18/01/2022,415,"13,674.00",0,"40,496.00",,,,,,,,,,,,,,,,
18/01/2022,CLG/000426/M.M.B ENTERPRISES,18/01/2022,426,"13,565.00",0,"26,931.00",,,,,,,,,,,,,,,,
18/01/2022,CLG/000443/OM DEEPAM AGENCIES,18/01/2022,443,"22,943.00",0,"3,988.00",,,,,,,,,,,,,,,,
18/01/2022,DEPOSIT-IMPS/201812742547/N P RAJESHWARAN/South Indian Bank/XXXXXXXX0014/MB NPR,18/01/2022,1373,0,"50,000.00","53,988.00",,,,,,,,,,,,,,,,
18/01/2022,WDL-IMPS/201815009014/SELVAKUMAR BAALU/UTIB0000676/XXXXXXXXXXX6311/,18/01/2022,1374,"50,000.00",0,"3,988.00",,,,,,,,,,,,,,,,
19/01/2022,DEPOSIT-IMPS/201910427942/CHEERS RETAIL PRIVAT/ICICI Bank/XXXXXXXX0014/crpl2icic,19/01/2022,1375,0,"55,500.00","59,488.00",,,,,,,,,,,,,,,,
19/01/2022,S GURUSAMY,19/01/2022,342,"6,744.00",0,"52,744.00",,,,,,,,,,,,,,,,
19/01/2022,CLG/000398/G G AGENCIES,19/01/2022,398,"8,983.00",0,"43,761.00",,,,,,,,,,,,,,,,
20/01/2022,CLG/000061/VASANTHAM ENTERPRISES,20/01/2022,61,"20,312.00",0,"23,449.00",,,,,,,,,,,,,,,,
20/01/2022,CLG/000082/SREE BHARATH COMPUTERS,20/01/2022,82,"3,803.00",0,"19,646.00",,,,,,,,,,,,,,,,
20/01/2022,CLG/000112/V DO EVENTS,20/01/2022,112,"9,868.00",0,"9,778.00",,,,,,,,,,,,,,,,
20/01/2022,CLG/000313/ASHRIYA ENTERPRISES,20/01/2022,313,"3,830.00",0,"5,948.00",,,,,,,,,,,,,,,,
20/01/2022,CLG/000373/SUPREME AGENCIES,20/01/2022,373,"5,756.00",0,192,,,,,,,,,,,,,,,,
20/01/2022,DEPOSIT-IMPS/202012125576/CHEERS RETAIL PRIVAT/ICICI Bank/XXXXXXXX0014/crplici2b,20/01/2022,1395,0,"54,800.00","54,992.00",,,,,,,,,,,,,,,,
20/01/2022,"DEPOSIT-IMPS/202012981369/SELVAKUMARBAALU/Axis Bank/XXXXXXXX0014/,20/01/2022-122",20/01/2022,1396,0,"13,000.00","67,992.00",,,,,,,,,,,,,,,,
20/01/2022,"DEPOSIT-IMPS/202012031371/SELVAKUMARBAALU/Axis Bank/XXXXXXXX0014/crplbandhan,20/",20/01/2022,1397,0,"1,00,000.00","1,67,992.00",,,,,,,,,,,,,,,,
20/01/2022,CASH/1841/SELF,20/01/2022,1398,0,"15,000.00","1,82,992.00",,,,,,,,,,,,,,,,
20/01/2022,CLG/000326/ZARAH DISTRIBUTORS LLP,20/01/2022,326,"8,348.00",0,"1,74,644.00",,,,,,,,,,,,,,,,
20/01/2022,CLG/000366/RIKHAB TRADING COMPANY R,20/01/2022,366,"16,000.00",0,"1,58,644.00",,,,,,,,,,,,,,,,
20/01/2022,CLG/000410/ANNAI AGENCIES,20/01/2022,410,"18,000.00",0,"1,40,644.00",,,,,,,,,,,,,,,,
20/01/2022,CLG/000411/ANNAI AGENCIES,20/01/2022,411,"19,860.00",0,"1,20,784.00",,,,,,,,,,,,,,,,
20/01/2022,CLG/000412/ARCHANA TRADING,20/01/2022,412,"22,320.00",0,"98,464.00",,,,,,,,,,,,,,,,
20/01/2022,CLG/000416/SRI MAHALAKSHMI TRADERS,20/01/2022,416,"7,505.00",0,"90,959.00",,,,,,,,,,,,,,,,
20/01/2022,CLG/000431/R SQUARE FOOD FACTORY,20/01/2022,431,"12,710.00",0,"78,249.00",,,,,,,,,,,,,,,,
20/01/2022,CLG/000432/V P TRADERS,20/01/2022,432,"3,534.00",0,"74,715.00",,,,,,,,,,,,,,,,
20/01/2022,CLG/000438/LATHAAAGENCY,20/01/2022,438,"5,916.00",0,"68,799.00",,,,,,,,,,,,,,,,
20/01/2022,CLG/000444/DHANVI INTERNATIONAL,20/01/2022,444,"35,205.00",0,"33,594.00",,,,,,,,,,,,,,,,
20/01/2022,CLG/000463/SURESH KUMAR  S,20/01/2022,463,"11,679.00",0,"21,915.00",,,,,,,,,,,,,,,,
20/01/2022,CLG/000464/SURESH KUMAR  S,20/01/2022,464,"3,050.00",0,"18,865.00",,,,,,,,,,,,,,,,
20/01/2022,WDL-IMPS/202015010030/SELVAKUMAR BAALU/UTIB0000676/XXXXXXXXXXX6311/,20/01/2022,1435,"18,000.00",0,865,,,,,,,,,,,,,,,,
21/01/2022,DEPOSIT-IMPS/202111386096/CHEERS RETAIL PRIVAT/ICICI Bank/XXXXXXXX0014/crplici2b,21/01/2022,1436,0,"53,600.00","54,465.00",,,,,,,,,,,,,,,,
21/01/2022,CLG/000284/AURO MIRA MEDI AIDS,21/01/2022,284,"5,377.00",0,"49,088.00",,,,,,,,,,,,,,,,
21/01/2022,CLG/000328/ZARAH DISTRIBUTORS LLP,21/01/2022,328,"5,952.00",0,"43,136.00",,,,,,,,,,,,,,,,
21/01/2022,CLG/000364/WONDER,21/01/2022,364,"35,000.00",0,"8,136.00",,,,,,,,,,,,,,,,
21/01/2022,CLG/000372/ASHRIYA ENTERPRISES,21/01/2022,372,"6,718.00",0,"1,418.00",,,,,,,,,,,,,,,,
21/01/2022,"DEPOSIT-IMPS/202112653357/SELVAKUMARBAALU/Axis Bank/XXXXXXXX0014/,21/01/2022-123",21/01/2022,1449,0,"20,000.00","21,418.00",,,,,,,,,,,,,,,,
21/01/2022,CASH/1841/SELF,21/01/2022,1450,0,"5,000.00","26,418.00",,,,,,,,,,,,,,,,
21/01/2022,DEPOSIT-IMPS/202112559971/CHEERS RETAIL PRIVAT/ICICI Bank/XXXXXXXX0014/CRPLBANDH,21/01/2022,1451,0,"13,400.00","39,818.00",,,,,,,,,,,,,,,,
21/01/2022,CLG/000089/ROYAL AGENCY,21/01/2022,89,"8,947.00",0,"30,871.00",,,,,,,,,,,,,,,,
21/01/2022,CLG/000392/SAIRAM MARKETING,21/01/2022,392,"15,000.00",0,"15,871.00",,,,,,,,,,,,,,,,
21/01/2022,CLG/000420/SRI VENKATESWARA ENTERPRI,21/01/2022,420,"4,725.00",0,"11,146.00",,,,,,,,,,,,,,,,
24/01/2022,DEPOSIT-IMPS/202411226843/CHEERS RETAIL PRIVAT/ICICI Bank/XXXXXXXX0014/CRPLICI2B,24/01/2022,1462,0,"73,000.00","73,146.00",,,,,,,,,,,,,,,,
24/01/2022,CLG/000329/ZARAH DISTRIBUTORS LLP,24/01/2022,329,"16,027.00",0,"57,119.00",,,,,,,,,,,,,,,,
24/01/2022,CLG/000355/SKY OFFICE MART,24/01/2022,355,"10,575.00",0,"46,544.00",,,,,,,,,,,,,,,,
24/01/2022,CLG/000394/SAIRAM MARKETING,24/01/2022,394,"15,000.00",0,"31,544.00",,,,,,,,,,,,,,,,
24/01/2022,CLG/000399/ANKASUMMORFOODSPVTLTDCHN,24/01/2022,399,"9,137.00",0,"22,407.00",,,,,,,,,,,,,,,,
24/01/2022,CLG/000413/ANKASUMMORFOODSPVTLTDCHN,24/01/2022,413,"4,178.00",0,"18,229.00",,,,,,,,,,,,,,,,
24/01/2022,CLG/000451/MC ENTERPRISES,24/01/2022,451,"13,317.00",0,"4,912.00",,,,,,,,,,,,,,,,
24/01/2022,CLG/000556/SRI SAI PACKING AND CODIN,24/01/2022,556,"2,820.00",0,"2,092.00",,,,,,,,,,,,,,,,
24/01/2022,"DEPOSIT-IMPS/202412476189/SELVAKUMARBAALU/Axis Bank/XXXXXXXX0014/,24/01/2022-123",24/01/2022,1484,0,"40,000.00","42,092.00",,,,,,,,,,,,,,,,
24/01/2022,DEPOSIT-IMPS/202412606814/CHEERS RETAIL PRIVAT/ICICI Bank/XXXXXXXX0014/icic2band,24/01/2022,1485,0,"19,200.00","61,292.00",,,,,,,,,,,,,,,,
24/01/2022,CASH/1841/SELF,24/01/2022,1486,0,"11,000.00","72,292.00",,,,,,,,,,,,,,,,
24/01/2022,CLG/000445/KESARI AGENCY,24/01/2022,445,"37,255.00",0,"35,037.00",,,,,,,,,,,,,,,,
24/01/2022,CLG/000462/DHARSHAN FRUITS AND VEGE,24/01/2022,462,"22,702.00",0,"12,335.00",,,,,,,,,,,,,,,,
24/01/2022,CLG/000513/RHINO SENTINEL AND ALLIE,24/01/2022,513,"11,756.00",0,579,,,,,,,,,,,,,,,,
25/01/2022,DEPOSIT-IMPS/202511846460/CHEERS RETAIL PRIVAT/ICICI Bank/XXXXXXXX0014/crplici2b,25/01/2022,1496,0,"15,400.00","15,979.00",,,,,,,,,,,,,,,,
25/01/2022,"DEPOSIT-IMPS/202512327421/SELVAKUMARBAALU/Axis Bank/XXXXXXXX0014/,25/01/2022-122",25/01/2022,1497,0,"40,000.00","55,979.00",,,,,,,,,,,,,,,,
25/01/2022,CASH/1841/SELF,25/01/2022,1498,0,"4,000.00","59,979.00",,,,,,,,,,,,,,,,
25/01/2022,"DEPOSIT-IMPS/202513488848/SELVAKUMARBAALU/Axis Bank/XXXXXXXX0014/,25/01/2022-130",25/01/2022,1499,0,"40,000.00","99,979.00",,,,,,,,,,,,,,,,
25/01/2022,DEPOSIT-IMPS/202513092518/CHEERS RETAIL PRIVAT/ICICI Bank/XXXXXXXX0014/CRPLBANDH,25/01/2022,1500,0,"27,900.00","1,27,879.00",,,,,,,,,,,,,,,,
25/01/2022,CLG/000330/ZARAH DISTRIBUTORS LLP,25/01/2022,330,"11,900.00",0,"1,15,979.00",,,,,,,,,,,,,,,,
25/01/2022,CLG/000337/SRI GURU ENTERPRISES,25/01/2022,337,"24,591.00",0,"91,388.00",,,,,,,,,,,,,,,,
25/01/2022,CLG/000380/MULLAIYARAGROPRODUCTS,25/01/2022,380,"8,820.00",0,"82,568.00",,,,,,,,,,,,,,,,
25/01/2022,CLG/000395/SAIRAM MARKETING,25/01/2022,395,"23,388.00",0,"59,180.00",,,,,,,,,,,,,,,,
25/01/2022,CLG/000515/RHINO SENTINEL AND ALLIE,25/01/2022,515,"19,000.00",0,"40,180.00",,,,,,,,,,,,,,,,
25/01/2022,CLG/000566/MSKARTHICKAGENCY,25/01/2022,566,"20,000.00",0,"20,180.00",,,,,,,,,,,,,,,,
25/01/2022,WDL-IMPS/202513007811/SELVAKUMAR BAALU/UTIB0000676/XXXXXXXXXXX6311/,25/01/2022,1519,"20,000.00",0,180,,,,,,,,,,,,,,,,
27/01/2022,DEPOSIT-IMPS/202710927409/CHEERS RETAIL PRIVAT/ICICI Bank/XXXXXXXX0014/crplici2b,27/01/2022,1520,0,"66,400.00","66,580.00",,,,,,,,,,,,,,,,
27/01/2022,CLG/000393/SAIRAM MARKETING,27/01/2022,393,"17,734.00",0,"48,846.00",,,,,,,,,,,,,,,,
27/01/2022,CLG/000402/MEHTA AGENCIES,27/01/2022,402,"8,265.00",0,"40,581.00",,,,,,,,,,,,,,,,
27/01/2022,CLG/000446/DHARSHAN FRUITS AND VEGE,27/01/2022,446,"21,927.00",0,"18,654.00",,,,,,,,,,,,,,,,
27/01/2022,CLG/000450/MC ENTERPRISES,27/01/2022,450,"6,131.00",0,"12,523.00",,,,,,,,,,,,,,,,
27/01/2022,CLG/000468/SRI SAI SANJEEV AGENCIES,27/01/2022,468,"1,468.00",0,"11,055.00",,,,,,,,,,,,,,,,
27/01/2022,CLG/000508/SAROJINITRADERS,27/01/2022,508,"10,158.00",0,897,,,,,,,,,,,,,,,,
27/01/2022,CASH/1841/SELF,27/01/2022,1539,0,"10,000.00","10,897.00",,,,,,,,,,,,,,,,
27/01/2022,DEPOSIT-IMPS/202712123257/N P RAJESHWARAN/South Indian Bank/XXXXXXXX0014/MB NPR,27/01/2022,1540,0,"30,000.00","40,897.00",,,,,,,,,,,,,,,,
27/01/2022,DEPOSIT-IMPS/202712459606/CHEERS RETAIL PRIVAT/ICICI Bank/XXXXXXXX0014/crplici2b,27/01/2022,1541,0,"9,300.00","50,197.00",,,,,,,,,,,,,,,,
27/01/2022,DEPOSIT-IMPS/202713124258/N P RAJESHWARAN/South Indian Bank/XXXXXXXX0014/MB NPR,27/01/2022,1542,0,"10,000.00","60,197.00",,,,,,,,,,,,,,,,
27/01/2022,CLG/000484/SAKTHI TRADERS,27/01/2022,484,"19,675.00",0,"40,522.00",,,,,,,,,,,,,,,,
27/01/2022,CLG/000511/AATISHWAR ENTERPRISES,27/01/2022,511,"10,122.00",0,"30,400.00",,,,,,,,,,,,,,,,
27/01/2022,CLG/000519/DHARSHAN FRUITS AND VEGE,27/01/2022,519,"24,833.00",0,"5,567.00",,,,,,,,,,,,,,,,
27/01/2022,CLG/000533/GIRI BROTHERS,27/01/2022,533,"2,921.00",0,"2,646.00",,,,,,,,,,,,,,,,
27/01/2022,"DEPOSIT-IMPS/202713224614/SELVAKUMARBAALU/Axis Bank/XXXXXXXX0014/,27/01/2022-130",27/01/2022,1555,0,"1,000.00","3,646.00",,,,,,,,,,,,,,,,
28/01/2022,DEPOSIT-IMPS/202811395982/CHEERS RETAIL PRIVAT/ICICI Bank/XXXXXXXX0014/CRPLBANDH,28/01/2022,1557,0,"48,300.00","51,946.00",,,,,,,,,,,,,,,,
28/01/2022,CLG/000421/ASHRIYA ENTERPRISES,28/01/2022,421,"2,341.00",0,"49,605.00",,,,,,,,,,,,,,,,
28/01/2022,DEPOSIT-IMPS/202812468139/CHEERS RETAIL PRIVAT/ICICI Bank/XXXXXXXX0014/crplicic2,28/01/2022,1561,0,"8,000.00","57,605.00",,,,,,,,,,,,,,,,
28/01/2022,CLG/000365/WONDER,28/01/2022,365,"36,980.00",0,"20,625.00",,,,,,,,,,,,,,,,
28/01/2022,CLG/000441/SRI SIDDHI AGENCIES,28/01/2022,441,"1,955.00",0,"18,670.00",,,,,,,,,,,,,,,,
28/01/2022,DEPOSIT-IMPS/202812570163/CHEERS RETAIL PRIVAT/ICICI Bank/XXXXXXXX0014/crplici2b,28/01/2022,1567,0,"22,900.00","41,570.00",,,,,,,,,,,,,,,,
28/01/2022,"DEPOSIT-IMPS/202812736014/SELVAKUMARBAALU/Axis Bank/XXXXXXXX0014/,28/01/2022-124",28/01/2022,1568,0,"90,000.00","1,31,570.00",,,,,,,,,,,,,,,,
28/01/2022,DEPOSIT-IMPS/202812658386/CHEERS RETAIL PRIVAT/ICICI Bank/XXXXXXXX0014/crplic2ba,28/01/2022,1569,0,"11,600.00","1,43,170.00",,,,,,,,,,,,,,,,
28/01/2022,CASH/1841/SELF,28/01/2022,1570,0,"3,000.00","1,46,170.00",,,,,,,,,,,,,,,,
28/01/2022,CASH/1841/SELF,28/01/2022,1571,0,"6,000.00","1,52,170.00",,,,,,,,,,,,,,,,
28/01/2022,CLG/000191/SR IT SERVICES,28/01/2022,191,"11,004.00",0,"1,41,166.00",,,,,,,,,,,,,,,,
28/01/2022,CLG/000327/ZARAH DISTRIBUTORS LLP,28/01/2022,327,"11,890.00",0,"1,29,276.00",,,,,,,,,,,,,,,,
28/01/2022,CLG/000344/CHENNAI TRADERS,28/01/2022,344,"5,903.00",0,"1,23,373.00",,,,,,,,,,,,,,,,
28/01/2022,CLG/000417/ANNAI AGENCIES,28/01/2022,417,"22,641.00",0,"1,00,732.00",,,,,,,,,,,,,,,,
28/01/2022,CLG/000422/SUPREME AGENCIES,28/01/2022,422,"12,601.00",0,"88,131.00",,,,,,,,,,,,,,,,
28/01/2022,CLG/000482/TRAKX FOOD PRODUCTS,28/01/2022,482,"5,540.00",0,"82,591.00",,,,,,,,,,,,,,,,
28/01/2022,CLG/000497/VEER IMPEX,28/01/2022,497,"15,330.00",0,"67,261.00",,,,,,,,,,,,,,,,
28/01/2022,CLG/000509/JAI BAJRANG BALI AGENCIES,28/01/2022,509,"12,399.00",0,"54,862.00",,,,,,,,,,,,,,,,
28/01/2022,CLG/000512/SRI IYYAPPAN ENTERPRISES,28/01/2022,512,"12,913.00",0,"41,949.00",,,,,,,,,,,,,,,,
28/01/2022,CLG/000532/BHARTI AIRTEL LIMITEDSB,28/01/2022,532,"16,108.00",0,"25,841.00",,,,,,,,,,,,,,,,
28/01/2022,CLG/000537/SHIVA SAI ENTERPRISES PVT,28/01/2022,537,"2,937.00",0,"22,904.00",,,,,,,,,,,,,,,,
28/01/2022,RTN/CLG/000583/Instrument post dated/RADHIKA AGENCIES,28/01/2022,1605,"18,504.00",0,"4,400.00",,,,,,,,,,,,,,,,
28/01/2022,RTN/CLG/000583/Instrument post dated/RADHIKA AGENCIES,28/01/2022,1606,0,"18,504.00","22,904.00",,,,,,,,,,,,,,,,
28/01/2022,CLG/000599/A R ENTERPRISES,28/01/2022,599,"3,200.00",0,"19,704.00",,,,,,,,,,,,,,,,
28/01/2022,,28/01/2022,619,"10,000.00",0,"9,704.00",,,,,,,,,,,,,,,,
29/01/2022,CLG/000136/ARHAM ENTERPRISE S,29/01/2022,136,"8,305.00",0,"1,399.00",,,,,,,,,,,,,,,,
29/01/2022,"DEPOSIT-IMPS/202912232316/SELVAKUMARBAALU/Axis Bank/XXXXXXXX0014/,29/01/2022-120",29/01/2022,1614,0,"19,000.00","20,399.00",,,,,,,,,,,,,,,,
29/01/2022,DEPOSIT-IMPS/202912768880/CHEERS RETAIL PRIVAT/ICICI Bank/XXXXXXXX0014/crplic2ba,29/01/2022,1615,0,"17,300.00","37,699.00",,,,,,,,,,,,,,,,
29/01/2022,DEPOSIT-IMPS/202912214313/N P RAJESHWARAN/South Indian Bank/XXXXXXXX0014/MB NPR,29/01/2022,1616,0,"52,000.00","89,699.00",,,,,,,,,,,,,,,,
29/01/2022,DEPOSIT-IMPS/202912837168/CHEERS RETAIL PRIVAT/ICICI Bank/XXXXXXXX0014/crpl2icic,29/01/2022,1617,0,"18,600.00","1,08,299.00",,,,,,,,,,,,,,,,
29/01/2022,"DEPOSIT-IMPS/202912529370/SELVAKUMARBAALU/Axis Bank/XXXXXXXX0014/,29/01/2022-125",29/01/2022,1618,0,"20,000.00","1,28,299.00",,,,,,,,,,,,,,,,
29/01/2022,CLG/000370/BABA ENTERPRISES,29/01/2022,370,"1,710.00",0,"1,26,589.00",,,,,,,,,,,,,,,,
29/01/2022,CLG/000452/BABA ENTERPRISES,29/01/2022,452,"1,558.00",0,"1,25,031.00",,,,,,,,,,,,,,,,
29/01/2022,CLG/000455/GEETHA AGENCIES,29/01/2022,455,"19,762.00",0,"1,05,269.00",,,,,,,,,,,,,,,,
29/01/2022,CLG/000459/R V ENTERPRISES,29/01/2022,459,"11,899.00",0,"93,370.00",,,,,,,,,,,,,,,,
29/01/2022,CLG/000470/AMMAN ENTERPRISES,29/01/2022,470,"22,000.00",0,"71,370.00",,,,,,,,,,,,,,,,
29/01/2022,CLG/000471/ANNAI AGENCIES,29/01/2022,471,"24,275.00",0,"47,095.00",,,,,,,,,,,,,,,,
29/01/2022,CLG/000514/RHINO SENTINEL AND ALLIE,29/01/2022,514,"20,000.00",0,"27,095.00",,,,,,,,,,,,,,,,
29/01/2022,CLG/000517/R D S AGENCY,29/01/2022,517,"3,482.00",0,"23,613.00",,,,,,,,,,,,,,,,
29/01/2022,CLG/000529/LAXMI MARKETING,29/01/2022,529,"15,445.00",0,"8,168.00",,,,,,,,,,,,,,,,
30/01/2022,WDL-IMPS/203020010994/SELVAKUMAR BAALU/UTIB0000676/XXXXXXXXXXX6311/,30/01/2022,1646,"5,000.00",0,"3,168.00",,,,,,,,,,,,,,,,
31/01/2022,DEPOSIT-IMPS/203110631276/CHEERS RETAIL PRIVAT/ICICI Bank/XXXXXXXX0014/crplici2b,31/01/2022,1647,0,"57,000.00","60,168.00",,,,,,,,,,,,,,,,
31/01/2022,CLG/000354/SUNNYVALE APARTMENTS OWN,31/01/2022,354,"7,713.00",0,"52,455.00",,,,,,,,,,,,,,,,
31/01/2022,CLG/000433/INNOVATIVEFOODSLIMITED,31/01/2022,433,"8,162.00",0,"44,293.00",,,,,,,,,,,,,,,,
31/01/2022,CLG/000434/T J AGENCIES PH  4424335,31/01/2022,434,"16,624.00",0,"27,669.00",,,,,,,,,,,,,,,,
31/01/2022,CLG/000453/ASHRIYA ENTERPRISES,31/01/2022,453,"6,531.00",0,"21,138.00",,,,,,,,,,,,,,,,
31/01/2022,CLG/000507/V P TRADERS,31/01/2022,507,"12,908.00",0,"8,230.00",,,,,,,,,,,,,,,,
31/01/2022,CLG/000510/AISHWARYAS,31/01/2022,510,"3,652.00",0,"4,578.00",,,,,,,,,,,,,,,,
31/01/2022,GURUSAMY S,31/01/2022,466,"3,000.00",0,"1,578.00",,,,,,,,,,,,,,,,
31/01/2022,"DEPOSIT-IMPS/203112595863/SELVAKUMARBAALU/Axis Bank/XXXXXXXX0014/,31/01/2022-125",31/01/2022,1668,0,"20,000.00","21,578.00",,,,,,,,,,,,,,,,
31/01/2022,DEPOSIT-IMPS/203112251016/CHEERS RETAIL PRIVAT/ICICI Bank/XXXXXXXX0014/crplici2b,31/01/2022,1669,0,"17,000.00","38,578.00",,,,,,,,,,,,,,,,
31/01/2022,CLG/000469/AMMAN ENTERPRISES,31/01/2022,469,"22,500.00",0,"16,078.00",,,,,,,,,,,,,,,,
31/01/2022,RTN/CLG/000531/Funds Insufficient/LAXMI MARKETING,31/01/2022,1673,"16,154.00",0,-76,,,,,,,,,,,,,,,,
31/01/2022,RTN/CLG/000531/Funds Insufficient/LAXMI MARKETING,31/01/2022,1674,0,"16,154.00","16,078.00",,,,,,,,,,,,,,,,
31/01/2022,RTN/CHRGS/CLG/000531/Funds Insufficient/,31/01/2022,1675,590,0,"15,488.00",,,,,,,,,,,,,,,,
31/01/2022,S GURUSAMY,31/01/2022,490,"12,588.00",0,"2,900.00",,,,,,,,,,,,,,,,
31/01/2022,MAB Charge for the period January,31/01/2022,1677,"1,180.00",0,"1,720.00",,,,,,,,,,,,,,,,
31/01/2022,Stop Payment Charges,31/01/2022,1678,118,0,"1,602.00",,,,,,,,,,,,,,,,
01/02/2022,CLG/000487/SHRI YASANAH ENTERPRISE,01/02/2022,487,"1,574.00",0,28,,,,,,,,,,,,,,,,
01/02/2022,"DEPOSIT-IMPS/203212544011/SELVAKUMARBAALU/Axis Bank/XXXXXXXX0014/,01/02/2022-124",01/02/2022,1682,0,"1,35,000.00","1,35,028.00",,,,,,,,,,,,,,,,
01/02/2022,CLG/000276/SHYAM ENTERPRISES,01/02/2022,276,"11,966.00",0,"1,23,062.00",,,,,,,,,,,,,,,,
01/02/2022,CLG/000436/ZARA DISTRIBUTORS,01/02/2022,436,"21,489.00",0,"1,01,573.00",,,,,,,,,,,,,,,,
01/02/2022,CLG/000437/SRI JAYALAKSHMI ENTERPRI,01/02/2022,437,"23,288.00",0,"78,285.00",,,,,,,,,,,,,,,,
01/02/2022,CLG/000458/ROYAL AGENCY,01/02/2022,458,"10,969.00",0,"67,316.00",,,,,,,,,,,,,,,,
01/02/2022,CLG/000460/ADITYA ENTERPRISES,01/02/2022,460,"2,558.00",0,"64,758.00",,,,,,,,,,,,,,,,
01/02/2022,CLG/000465/M K AGENCY,01/02/2022,465,"10,099.00",0,"54,659.00",,,,,,,,,,,,,,,,
01/02/2022,CLG/000516/RHINO SENTINEL AND ALLIE,01/02/2022,516,"22,380.00",0,"32,279.00",,,,,,,,,,,,,,,,
01/02/2022,CLG/000564/HYGREVAR ENTERPRISES PRI,01/02/2022,564,"24,743.00",0,"7,536.00",,,,,,,,,,,,,,,,
01/02/2022,CLG/000580/ANNAI AGENCIES,01/02/2022,580,"3,504.00",0,"4,032.00",,,,,,,,,,,,,,,,
02/02/2022,DEPOSIT-IMPS/203310441482/CHEERS RETAIL PRIVAT/ICICI Bank/XXXXXXXX0014/crplici2b,02/02/2022,1710,0,"25,700.00","29,732.00",,,,,,,,,,,,,,,,
02/02/2022,S GURUSAMY,02/02/2022,614,"3,780.00",0,"25,952.00",,,,,,,,,,,,,,,,
02/02/2022,CLG/000009/SRI NANDHA FOODS,02/02/2022,9,"3,000.00",0,"22,952.00",,,,,,,,,,,,,,,,
02/02/2022,CLG/000244/PRAVEENA AGENCIES,02/02/2022,244,"11,924.00",0,"11,028.00",,,,,,,,,,,,,,,,
02/02/2022,CLG/000425/GAYATHRI TRADERS,02/02/2022,425,"3,636.00",0,"7,392.00",,,,,,,,,,,,,,,,
02/02/2022,CLG/000461/SRI NANDHA FOODS,02/02/2022,461,"2,160.00",0,"5,232.00",,,,,,,,,,,,,,,,
02/02/2022,DEPOSIT-IMPS/203312840206/CHEERS RETAIL PRIVAT/ICICI Bank/XXXXXXXX0014/ici2bandc,02/02/2022,1724,0,"25,000.00","30,232.00",,,,,,,,,,,,,,,,
02/02/2022,"DEPOSIT-IMPS/203312217598/SELVAKUMARBAALU/Axis Bank/XXXXXXXX0014/,02/02/2022-121",02/02/2022,1725,0,"1,00,000.00","1,30,232.00",,,,,,,,,,,,,,,,
02/02/2022,CLG/000520/VLKENTERPRSES,02/02/2022,520,"25,623.00",0,"1,04,609.00",,,,,,,,,,,,,,,,
02/02/2022,CLG/000540/ARA TRADERS,02/02/2022,540,"19,000.00",0,"85,609.00",,,,,,,,,,,,,,,,
02/02/2022,CLG/000543/SRINIVASA TRADERS,02/02/2022,543,"6,955.00",0,"78,654.00",,,,,,,,,,,,,,,,
02/02/2022,CLG/000544/VISALAM ENTERPRISES,02/02/2022,544,"21,823.00",0,"56,831.00",,,,,,,,,,,,,,,,
02/02/2022,CLG/000560/INDRA AGENCIES,02/02/2022,560,"20,000.00",0,"36,831.00",,,,,,,,,,,,,,,,
02/02/2022,CLG/000568/ANNAI AGENCIES,02/02/2022,568,"8,379.00",0,"28,452.00",,,,,,,,,,,,,,,,
02/02/2022,CLG/000604/DHARSHAN FRUITS AND VEGE,02/02/2022,604,"21,284.00",0,"7,168.00",,,,,,,,,,,,,,,,
03/02/2022,DEPOSIT-IMPS/203411624755/CHEERS RETAIL PRIVAT/ICICI Bank/XXXXXXXX0014/crplicic2,03/02/2022,1748,0,"22,500.00","29,668.00",,,,,,,,,,,,,,,,
03/02/2022,"DEPOSIT-IMPS/203412290788/SELVAKUMARBAALU/Axis Bank/XXXXXXXX0014/,03/02/2022-121",03/02/2022,1749,0,"1,00,000.00","1,29,668.00",,,,,,,,,,,,,,,,
03/02/2022,CLG/000246/PRAVEENA AGENCIES,03/02/2022,246,"4,608.00",0,"1,25,060.00",,,,,,,,,,,,,,,,
03/02/2022,DEPOSIT-IMPS/203412778091/CHEERS RETAIL PRIVAT/ICICI Bank/XXXXXXXX0014/crplicic2,03/02/2022,1752,0,"20,000.00","1,45,060.00",,,,,,,,,,,,,,,,
03/02/2022,CLG/000474/R SQUARE FOOD FACTORY,03/02/2022,474,"10,878.00",0,"1,34,182.00",,,,,,,,,,,,,,,,
03/02/2022,CLG/000480/RAJALAKSHMI FOUNDATION,03/02/2022,480,"24,536.00",0,"1,09,646.00",,,,,,,,,,,,,,,,
03/02/2022,CLG/000521/MEERA AGENCIES,03/02/2022,521,"11,634.00",0,"98,012.00",,,,,,,,,,,,,,,,
03/02/2022,CLG/000531/LAXMI MARKETING,03/02/2022,531,"16,154.00",0,"81,858.00",,,,,,,,,,,,,,,,
03/02/2022,CLG/000539/ARA TRADERS,03/02/2022,539,"20,979.00",0,"60,879.00",,,,,,,,,,,,,,,,
03/02/2022,CLG/000541/DHARMEESH ENTERPRISES,03/02/2022,541,"4,929.00",0,"55,950.00",,,,,,,,,,,,,,,,
03/02/2022,CLG/000545/RAJALAKSHMI FOUNDATION,03/02/2022,545,"5,045.00",0,"50,905.00",,,,,,,,,,,,,,,,
03/02/2022,CLG/000549/S V S AGENCY,03/02/2022,549,"22,000.00",0,"28,905.00",,,,,,,,,,,,,,,,
03/02/2022,CLG/000570/SRI SAI SANJEEV AGENCIES,03/02/2022,570,"3,120.00",0,"25,785.00",,,,,,,,,,,,,,,,
03/02/2022,CLG/000598/BABA ENTERPRISES,03/02/2022,598,"2,584.00",0,"23,201.00",,,,,,,,,,,,,,,,
04/02/2022,DEPOSIT-IMPS/203511021209/CHEERS RETAIL PRIVAT/ICICI Bank/XXXXXXXX0014/crplic2ba,04/02/2022,1786,0,"26,900.00","50,101.00",,,,,,,,,,,,,,,,
04/02/2022,CLG/000479/G G AGENCIES,04/02/2022,479,"9,661.00",0,"40,440.00",,,,,,,,,,,,,,,,
04/02/2022,CLG/000502/SMS MARKETING,04/02/2022,502,"5,906.00",0,"34,534.00",,,,,,,,,,,,,,,,
04/02/2022,CLG/000526/SRI VINAYAGA AGENCIES,04/02/2022,526,"6,376.00",0,"28,158.00",,,,,,,,,,,,,,,,
04/02/2022,DEPOSIT-IMPS/203512236173/CHEERS RETAIL PRIVAT/ICICI Bank/XXXXXXXX0014/crplic2cr,04/02/2022,1793,0,"24,700.00","52,858.00",,,,,,,,,,,,,,,,
04/02/2022,"DEPOSIT-IMPS/203512726125/SELVAKUMARBAALU/Axis Bank/XXXXXXXX0014/,04/02/2022-124",04/02/2022,1794,0,"40,000.00","92,858.00",,,,,,,,,,,,,,,,
04/02/2022,CLG/000478/ESWARI ENTERPRISES,04/02/2022,478,"24,965.00",0,"67,893.00",,,,,,,,,,,,,,,,
04/02/2022,CLG/000483/SAIRAM MARKETING,04/02/2022,483,"16,594.00",0,"51,299.00",,,,,,,,,,,,,,,,
04/02/2022,CLG/000535/ARCHANA TRADING,04/02/2022,535,"16,500.00",0,"34,799.00",,,,,,,,,,,,,,,,
04/02/2022,CLG/000561/INDRA AGENCIES,04/02/2022,561,"20,737.00",0,"14,062.00",,,,,,,,,,,,,,,,
04/02/2022,CLG/000562/SRI ROSHINI   CO,04/02/2022,562,"12,852.00",0,"1,210.00",,,,,,,,,,,,,,,,
05/02/2022,DEPOSIT-IMPS/203611778099/CHEERS RETAIL PRIVAT/ICICI Bank/XXXXXXXX0014/crplici2b,05/02/2022,1810,0,"21,800.00","23,010.00",,,,,,,,,,,,,,,,
05/02/2022,CLG/000492/DURGA ENTERPRISES,05/02/2022,492,"13,543.00",0,"9,467.00",,,,,,,,,,,,,,,,
05/02/2022,CLG/000581/ANNAI AGENCIES,05/02/2022,581,"8,176.00",0,"1,291.00",,,,,,,,,,,,,,,,
05/02/2022,"DEPOSIT-IMPS/203612418718/SELVAKUMARBAALU/Axis Bank/XXXXXXXX0014/,05/02/2022-122",05/02/2022,1817,0,"28,000.00","29,291.00",,,,,,,,,,,,,,,,
05/02/2022,DEPOSIT-IMPS/203612072188/CHEERS RETAIL PRIVAT/ICICI Bank/XXXXXXXX0014/crplicic2,05/02/2022,1818,0,"20,300.00","49,591.00",,,,,,,,,,,,,,,,
05/02/2022,"DEPOSIT-IMPS/203612107850/CHEERS RETAIL PRIVAT/ICICI Bank/XXXXXXXX0014/ici2bnad,",05/02/2022,1819,0,"11,400.00","60,991.00",,,,,,,,,,,,,,,,
05/02/2022,"DEPOSIT-IMPS/203612610181/SELVAKUMARBAALU/Axis Bank/XXXXXXXX0014/,05/02/2022-125",05/02/2022,1820,0,"5,300.00","66,291.00",,,,,,,,,,,,,,,,
05/02/2022,"DEPOSIT-IMPS/203612614417/SELVAKUMARBAALU/Axis Bank/XXXXXXXX0014/,05/02/2022-125",05/02/2022,1821,0,"1,700.00","67,991.00",,,,,,,,,,,,,,,,
05/02/2022,CLG/000518/NR ENTERPRISES,05/02/2022,518,"11,326.00",0,"56,665.00",,,,,,,,,,,,,,,,
05/02/2022,CLG/000530/LAXMI MARKETING,05/02/2022,530,"15,000.00",0,"41,665.00",,,,,,,,,,,,,,,,
05/02/2022,CLG/000547/RAJALAKSHMI FOUNDATION,05/02/2022,547,"16,000.00",0,"25,665.00",,,,,,,,,,,,,,,,
05/02/2022,CLG/000550/S V S AGENCY,05/02/2022,550,"23,000.00",0,"2,665.00",,,,,,,,,,,,,,,,
05/02/2022,RTN/CLG/000608/Funds Insufficient/JAINMARKETING,05/02/2022,1834,"8,136.00",0,"-5,471.00",,,,,,,,,,,,,,,,
05/02/2022,RTN/CLG/000608/Funds Insufficient/JAINMARKETING,05/02/2022,1835,0,"8,136.00","2,665.00",,,,,,,,,,,,,,,,
05/02/2022,RTN/CHRGS/CLG/000608/Funds Insufficient/,05/02/2022,1836,590,0,"2,075.00",,,,,,,,,,,,,,,,
05/02/2022,RTN/CLG/000618/Funds Insufficient/BAKKIYA TRADING COMPANY,05/02/2022,1837,"4,794.00",0,"-2,719.00",,,,,,,,,,,,,,,,
05/02/2022,RTN/CLG/000618/Funds Insufficient/BAKKIYA TRADING COMPANY,05/02/2022,1838,0,"4,794.00","2,075.00",,,,,,,,,,,,,,,,
05/02/2022,RTN/CHRGS/CLG/000618/Funds Insufficient/,05/02/2022,1839,590,0,"1,485.00",,,,,,,,,,,,,,,,
05/02/2022,"DEPOSIT-IMPS/203613721641/SELVAKUMARBAALU/Axis Bank/XXXXXXXX0014/,05/02/2022-131",05/02/2022,1840,0,"15,000.00","16,485.00",,,,,,,,,,,,,,,,
05/02/2022,CLG 000608 JAIN MARKETING,05/02/2022,608,"8,136.00",0,"8,349.00",,,,,,,,,,,,,,,,
05/02/2022,CLG 000618 BAKKIYA TRADING,05/02/2022,618,"4,794.00",0,"3,555.00",,,,,,,,,,,,,,,,
07/02/2022,CLG/000439/MUBARAK,07/02/2022,439,"2,000.00",0,"1,555.00",,,,,,,,,,,,,,,,
07/02/2022,DEPOSIT-IMPS/203811163781/CHEERS RETAIL PRIVAT/ICICI Bank/XXXXXXXX0014/crplic2ba,07/02/2022,1846,0,"51,000.00","52,555.00",,,,,,,,,,,,,,,,
07/02/2022,"DEPOSIT-IMPS/203812800932/SELVAKUMARBAALU/Axis Bank/XXXXXXXX0014/crplbandhan,07/",07/02/2022,1847,0,"40,000.00","92,555.00",,,,,,,,,,,,,,,,
07/02/2022,DEPOSIT-IMPS/203812445134/CHEERS RETAIL PRIVAT/ICICI Bank/XXXXXXXX0014/crplic2ba,07/02/2022,1848,0,"35,000.00","1,27,555.00",,,,,,,,,,,,,,,,
07/02/2022,CLG/000243/SRI VALLIAPPA AGENCIES,07/02/2022,243,"3,902.00",0,"1,23,653.00",,,,,,,,,,,,,,,,
07/02/2022,CLG/000340/AMALGAMFROZENFOODSP,07/02/2022,340,"13,479.00",0,"1,10,174.00",,,,,,,,,,,,,,,,
07/02/2022,CLG/000456/SUPREME AGENCIES,07/02/2022,456,"6,520.00",0,"1,03,654.00",,,,,,,,,,,,,,,,
07/02/2022,CLG/000472/BULLOCKCARTDELIVERIE,07/02/2022,472,"17,011.00",0,"86,643.00",,,,,,,,,,,,,,,,
07/02/2022,CLG/000486/ASHRIYA ENTERPRISES,07/02/2022,486,"6,619.00",0,"80,024.00",,,,,,,,,,,,,,,,
07/02/2022,CLG/000491/DURGA ENTERPRISES,07/02/2022,491,"4,116.00",0,"75,908.00",,,,,,,,,,,,,,,,
07/02/2022,CLG/000495/ANKASUMMORFOODSPVTLTDCHN,07/02/2022,495,"8,689.00",0,"67,219.00",,,,,,,,,,,,,,,,
07/02/2022,CLG/000546/RAJALAKSHMI FOUNDATION,07/02/2022,546,"16,172.00",0,"51,047.00",,,,,,,,,,,,,,,,
07/02/2022,CLG/000571/ESWARI ENTERPRISES,07/02/2022,571,"19,010.00",0,"32,037.00",,,,,,,,,,,,,,,,
07/02/2022,CLG/000578/MEHTA AGENCIES,07/02/2022,578,"18,779.00",0,"13,258.00",,,,,,,,,,,,,,,,
08/02/2022,CLG/000285/SAAGA DISTRIBUTORS,08/02/2022,285,"12,870.00",0,388,,,,,,,,,,,,,,,,
08/02/2022,"DEPOSIT-IMPS/203912939203/SELVAKUMARBAALU/Axis Bank/XXXXXXXX0014/,08/02/2022-124",08/02/2022,1882,0,"50,000.00","50,388.00",,,,,,,,,,,,,,,,
08/02/2022,DEPOSIT-IMPS/203912240772/CHEERS RETAIL PRIVAT/ICICI Bank/XXXXXXXX0014/crplic2ba,08/02/2022,1883,0,"30,500.00","80,888.00",,,,,,,,,,,,,,,,
08/02/2022,CLG/000488/SUPREME AGENCIES,08/02/2022,488,"6,796.00",0,"74,092.00",,,,,,,,,,,,,,,,
08/02/2022,CLG/000504/SWASTICAGENCIES,08/02/2022,504,"17,439.00",0,"56,653.00",,,,,,,,,,,,,,,,
08/02/2022,CLG/000505/INDIA SWEET COMPANY PRIV,08/02/2022,505,"14,878.00",0,"41,775.00",,,,,,,,,,,,,,,,
08/02/2022,CLG/000551/S V S AGENCY,08/02/2022,551,"24,000.00",0,"17,775.00",,,,,,,,,,,,,,,,
08/02/2022,CLG/000569/BAKKIYA TRADING COMPANY,08/02/2022,569,"6,364.00",0,"11,411.00",,,,,,,,,,,,,,,,
08/02/2022,CLG/000613/RAJALAKSHMI FOUNDATION,08/02/2022,613,"9,204.00",0,"2,207.00",,,,,,,,,,,,,,,,
09/02/2022,DEPOSIT-IMPS/204012710409/CHEERS RETAIL PRIVAT/ICICI Bank/XXXXXXXX0014/crplicic2,09/02/2022,1902,0,"42,300.00","44,507.00",,,,,,,,,,,,,,,,
09/02/2022,DEPOSIT-IMPS/204012844510/CHEERS RETAIL PRIVAT/ICICI Bank/XXXXXXXX0014/crici2ban,09/02/2022,1903,0,"4,000.00","48,507.00",,,,,,,,,,,,,,,,
09/02/2022,CLG/000019/DRUMS FOOD INTERNATIONAL,09/02/2022,19,"11,036.00",0,"37,471.00",,,,,,,,,,,,,,,,
09/02/2022,CLG/000528/NIRMALDISTRIBUTORS,09/02/2022,528,"10,965.00",0,"26,506.00",,,,,,,,,,,,,,,,
09/02/2022,CLG/000587/ZARAH DISTRIBUTORS LLP,09/02/2022,587,"16,000.00",0,"10,506.00",,,,,,,,,,,,,,,,
09/02/2022,RTN/CLG/000600/Funds Insufficient/T J AGENCIES PH  4424335,09/02/2022,1913,"14,516.00",0,"-4,010.00",,,,,,,,,,,,,,,,
09/02/2022,RTN/CLG/000600/Funds Insufficient/T J AGENCIES PH  4424335,09/02/2022,1914,0,"14,516.00","10,506.00",,,,,,,,,,,,,,,,
09/02/2022,RTN/CHRGS/CLG/000600/Funds Insufficient/,09/02/2022,1915,590,0,"9,916.00",,,,,,,,,,,,,,,,
09/02/2022,RTN/CLG/000605/Funds Insufficient/AKSHIT TRADERS,09/02/2022,1916,"22,826.00",0,"-12,910.00",,,,,,,,,,,,,,,,
09/02/2022,RTN/CLG/000605/Funds Insufficient/AKSHIT TRADERS,09/02/2022,1917,0,"22,826.00","9,916.00",,,,,,,,,,,,,,,,
09/02/2022,RTN/CHRGS/CLG/000605/Funds Insufficient/,09/02/2022,1918,590,0,"9,326.00",,,,,,,,,,,,,,,,
09/02/2022,DEPOSIT-IMPS/204013787718/N P RAJESHWARAN/South Indian Bank/XXXXXXXX0014/MB NPR,09/02/2022,1919,0,"20,000.00","29,326.00",,,,,,,,,,,,,,,,
10/02/2022,S GURUSAMY,10/02/2022,496,"12,654.00",0,"16,672.00",,,,,,,,,,,,,,,,
10/02/2022,DEPOSIT-IMPS/204111203318/CHEERS RETAIL PRIVAT/ICICI Bank/XXXXXXXX0014/cricic2ba,10/02/2022,1921,0,"42,500.00","59,172.00",,,,,,,,,,,,,,,,
10/02/2022,CLG/000476/BENANI FOODS PRIVATE LIMI,10/02/2022,476,"4,987.00",0,"54,185.00",,,,,,,,,,,,,,,,
10/02/2022,CLG/000477/BENANI FOODS PRIVATE LIMI,10/02/2022,477,"3,755.00",0,"50,430.00",,,,,,,,,,,,,,,,
10/02/2022,CLG/000552/S V S AGENCY,10/02/2022,552,"25,837.00",0,"24,593.00",,,,,,,,,,,,,,,,
10/02/2022,CLG/000558/SARAVANA AGENCIES,10/02/2022,558,"17,039.00",0,"7,554.00",,,,,,,,,,,,,,,,
10/02/2022,CLG/000595/KAVYAENTERPRISES,10/02/2022,595,"4,201.00",0,"3,353.00",,,,,,,,,,,,,,,,
10/02/2022,DEPOSIT-IMPS/204112427733/CHEERS RETAIL PRIVAT/ICICI Bank/XXXXXXXX0014/crplici2b,10/02/2022,1937,0,"8,300.00","11,653.00",,,,,,,,,,,,,,,,
10/02/2022,"DEPOSIT-IMPS/204112194789/SELVAKUMARBAALU/Axis Bank/XXXXXXXX0014/,10/02/2022-122",10/02/2022,1938,0,"43,000.00","54,653.00",,,,,,,,,,,,,,,,
10/02/2022,"DEPOSIT-IMPS/204112237863/SELVAKUMARBAALU/Axis Bank/XXXXXXXX0014/,10/02/2022-123",10/02/2022,1939,0,"2,000.00","56,653.00",,,,,,,,,,,,,,,,
10/02/2022,CLG/000576/MAARA INDUSTRIES,10/02/2022,576,"14,000.00",0,"42,653.00",,,,,,,,,,,,,,,,
10/02/2022,CLG/000588/ZARAH DISTRIBUTORS LLP,10/02/2022,588,"17,000.00",0,"25,653.00",,,,,,,,,,,,,,,,
10/02/2022,CLG/000635/ANNAI AGENCIES,10/02/2022,635,"25,188.00",0,465,,,,,,,,,,,,,,,,
11/02/2022,DEPOSIT-IMPS/204212006198/CHEERS RETAIL PRIVAT/ICICI Bank/XXXXXXXX0014/crpl band,11/02/2022,1949,0,"47,000.00","47,465.00",,,,,,,,,,,,,,,,
11/02/2022,"DEPOSIT-IMPS/204212172144/SELVAKUMARBAALU/Axis Bank/XXXXXXXX0014/,11/02/2022-125",11/02/2022,1950,0,"10,000.00","57,465.00",,,,,,,,,,,,,,,,
11/02/2022,CLG/000527/NIRMALDISTRIBUTORS,11/02/2022,527,"22,039.00",0,"35,426.00",,,,,,,,,,,,,,,,
11/02/2022,CLG/000589/ZARAH DISTRIBUTORS LLP,11/02/2022,589,"18,340.00",0,"17,086.00",,,,,,,,,,,,,,,,
11/02/2022,CLG/000620/RIKHAB TRADING COMPANY R,11/02/2022,620,"9,600.00",0,"7,486.00",,,,,,,,,,,,,,,,
14/02/2022,DEPOSIT-IMPS/204511254267/CHEERS RETAIL PRIVAT/ICICI Bank/XXXXXXXX0014/crplic2ba,14/02/2022,1960,0,"53,300.00","60,786.00",,,,,,,,,,,,,,,,
14/02/2022,CLG/000565/PSB ENTERPRISES,14/02/2022,565,"21,735.00",0,"39,051.00",,,,,,,,,,,,,,,,
14/02/2022,CLG/000577/MAARA INDUSTRIES,14/02/2022,577,"12,608.00",0,"26,443.00",,,,,,,,,,,,,,,,
14/02/2022,CLG/000611/DHARSHAN FRUITS AND VEGE,14/02/2022,611,"21,991.00",0,"4,452.00",,,,,,,,,,,,,,,,
15/02/2022,DEPOSIT-IMPS/204611892737/CHEERS RETAIL PRIVAT/ICICI Bank/XXXXXXXX0014/crplici2b,15/02/2022,1972,0,"1,00,000.00","1,04,452.00",,,,,,,,,,,,,,,,
15/02/2022,CLG/000607/SRINIVASA TRADERS,15/02/2022,607,"1,763.00",0,"1,02,689.00",,,,,,,,,,,,,,,,
15/02/2022,CLG/000612/THE BARN,15/02/2022,612,"1,781.00",0,"1,00,908.00",,,,,,,,,,,,,,,,
15/02/2022,CLG/000605/AKSHIT TRADERS,15/02/2022,605,"22,826.00",0,"78,082.00",,,,,,,,,,,,,,,,
15/02/2022,CLG/000651/RHINO SENTINEL AND ALLIE,15/02/2022,651,"30,000.00",0,"48,082.00",,,,,,,,,,,,,,,,
15/02/2022,DEPOSIT-IMPS/204612042776/CHEERS RETAIL PRIVAT/ICICI Bank/XXXXXXXX0014/crplic2ba,15/02/2022,1983,0,"30,000.00","78,082.00",,,,,,,,,,,,,,,,
15/02/2022,CLG/000494/S J ENTERPRISES,15/02/2022,494,"5,151.00",0,"72,931.00",,,,,,,,,,,,,,,,
15/02/2022,CLG/000503/SRIVINAYAKAAGENCIES,15/02/2022,503,"13,775.00",0,"59,156.00",,,,,,,,,,,,,,,,
15/02/2022,CLG/000573/SAIRAM MARKETING,15/02/2022,573,"6,696.00",0,"52,460.00",,,,,,,,,,,,,,,,
15/02/2022,CLG/000575/JAYALAKSHMI ENTERPRI,15/02/2022,575,"18,890.00",0,"33,570.00",,,,,,,,,,,,,,,,
15/02/2022,CLG/000584/R SQUARE FOOD FACTORY,15/02/2022,584,"13,844.00",0,"19,726.00",,,,,,,,,,,,,,,,
15/02/2022,CLG/000624/SHIVA SCREEN AND OFFSET,15/02/2022,624,"6,405.00",0,"13,321.00",,,,,,,,,,,,,,,,
15/02/2022,CLG/000637/ANNAI FOOD PRODUCTS PRIVA,15/02/2022,637,"8,464.00",0,"4,857.00",,,,,,,,,,,,,,,,
16/02/2022,DEPOSIT-IMPS/204712324287/CHEERS RETAIL PRIVAT/ICICI Bank/XXXXXXXX0014/crplici2b,16/02/2022,2005,0,"35,400.00","40,257.00",,,,,,,,,,,,,,,,
16/02/2022,DEPOSIT-IMPS/204712132795/N P RAJESHWARAN/South Indian Bank/XXXXXXXX0014/MB NPR,16/02/2022,2006,0,"4,000.00","44,257.00",,,,,,,,,,,,,,,,
16/02/2022,DEPOSIT-IMPS/204712373852/CHEERS RETAIL PRIVAT/ICICI Bank/XXXXXXXX0014/crplici2b,16/02/2022,2007,0,"3,000.00","47,257.00",,,,,,,,,,,,,,,,
16/02/2022,CLG/000675/T J AGENCIES PH  4424335,16/02/2022,675,"14,516.00",0,"32,741.00",,,,,,,,,,,,,,,,
16/02/2022,CLG/000493/SRI JAYALAKSHMI ENTERPRI,16/02/2022,493,"27,171.00",0,"5,570.00",,,,,,,,,,,,,,,,
17/02/2022,CLG/000582/MANJU CHEMICALS PVT LTD,17/02/2022,582,"5,411.00",0,159,,,,,,,,,,,,,,,,
17/02/2022,DEPOSIT-IMPS/204812540927/CHEERS RETAIL PRIVAT/ICICI Bank/XXXXXXXX0014/crplic2ba,17/02/2022,2017,0,"12,000.00","12,159.00",,,,,,,,,,,,,,,,
17/02/2022,DEPOSIT-IMPS/204812188903/N P RAJESHWARAN/South Indian Bank/XXXXXXXX0014/MB NPR,17/02/2022,2018,0,"4,500.00","16,659.00",,,,,,,,,,,,,,,,
17/02/2022,DEPOSIT-IMPS/204812676164/CHEERS RETAIL PRIVAT/ICICI Bank/XXXXXXXX0014/CRPLBANDH,17/02/2022,2019,0,"14,800.00","31,459.00",,,,,,,,,,,,,,,,
17/02/2022,"DEPOSIT-IMPS/204812563526/SELVAKUMARBAALU/Axis Bank/XXXXXXXX0014/,17/02/2022-125",17/02/2022,2020,0,"25,000.00","56,459.00",,,,,,,,,,,,,,,,
17/02/2022,CLG/000336/SREE SAI ENTERPRISES,17/02/2022,336,"14,012.00",0,"42,447.00",,,,,,,,,,,,,,,,
17/02/2022,CLG/000623/SHIVA SCREEN AND OFFSET,17/02/2022,623,"1,086.00",0,"41,361.00",,,,,,,,,,,,,,,,
17/02/2022,CLG/000625/ASHRIYA ENTERPRISES,17/02/2022,625,"11,424.00",0,"29,937.00",,,,,,,,,,,,,,,,
17/02/2022,CLG/000642/GEETHA AGENCIES,17/02/2022,642,"8,411.00",0,"21,526.00",,,,,,,,,,,,,,,,
18/02/2022,DEPOSIT-IMPS/204912043572/CHEERS RETAIL PRIVAT/ICICI Bank/XXXXXXXX0014/crplici2b,18/02/2022,2036,0,"27,000.00","48,526.00",,,,,,,,,,,,,,,,
18/02/2022,CLG/000523/ADITHYA CO,18/02/2022,523,"16,400.00",0,"32,126.00",,,,,,,,,,,,,,,,
18/02/2022,CLG/000615/NATURAL OFFICE MART,18/02/2022,615,"1,906.00",0,"30,220.00",,,,,,,,,,,,,,,,
18/02/2022,CLG/000626/SHRI YASANAH ENTERPRISE,18/02/2022,626,"2,417.00",0,"27,803.00",,,,,,,,,,,,,,,,
18/02/2022,DEPOSIT-IMPS/204912143284/CHEERS RETAIL PRIVAT/ICICI Bank/XXXXXXXX0014/crplici2b,18/02/2022,2043,0,"31,000.00","58,803.00",,,,,,,,,,,,,,,,
18/02/2022,CLG/000639/saoa,18/02/2022,639,"18,850.00",0,"39,953.00",,,,,,,,,,,,,,,,
18/02/2022,CLG/000654/JAYALAKSHMI ENTERPRI,18/02/2022,654,"7,500.00",0,"32,453.00",,,,,,,,,,,,,,,,
18/02/2022,CLG/000657/G L DISTRIBUTORS LLP,18/02/2022,657,"19,936.00",0,"12,517.00",,,,,,,,,,,,,,,,
18/02/2022,CLG/000679/RIKHAB TRADING COMPANY R,18/02/2022,679,"9,400.00",0,"3,117.00",,,,,,,,,,,,,,,,
19/02/2022,DEPOSIT-IMPS/205011139900/CHEERS RETAIL PRIVAT/ICICI Bank/XXXXXXXX0014/CRPLBANDH,19/02/2022,2056,0,"22,400.00","25,517.00",,,,,,,,,,,,,,,,
19/02/2022,"DEPOSIT-IMPS/205011307809/CHEERS RETAIL PRIVAT/ICICI Bank/XXXXXXXX0014/ici2band,",19/02/2022,2058,0,"17,400.00","42,917.00",,,,,,,,,,,,,,,,
19/02/2022,CLG/000591/BENANI FOODS PRIVATE LIMI,19/02/2022,591,"4,665.00",0,"38,252.00",,,,,,,,,,,,,,,,
20/02/2022,WDL-IMPS/205121012142/CHEERS RETAIL PRIVATE LIMITED/ICIC0003995/XXXXXXXX0409/,20/02/2022,2061,"38,000.00",0,252,,,,,,,,,,,,,,,,
21/02/2022,DEPOSIT-IMPS/205212529550/CHEERS RETAIL PRIVAT/ICICI Bank/XXXXXXXX0014/CRPLBANDH,21/02/2022,2062,0,"17,900.00","18,152.00",,,,,,,,,,,,,,,,
21/02/2022,WDL-IMPS/205214008808/SELVAKUMAR BAALU/UTIB0000676/XXXXXXXXXXX6311/,21/02/2022,2063,"15,000.00",0,"3,152.00",,,,,,,,,,,,,,,,
22/02/2022,WDL-IMPS/205310003503/SELVAKUMAR BAALU/UTIB0000676/XXXXXXXXXXX6311/,22/02/2022,2064,"3,000.00",0,152,,,,,,,,,,,,,,,,
22/02/2022,"DEPOSIT-IMPS/205312897172/SELVAKUMARBAALU/Axis Bank/XXXXXXXX0014/,22/02/2022-121",22/02/2022,2065,0,"86,000.00","86,152.00",,,,,,,,,,,,,,,,
22/02/2022,DEPOSIT-IMPS/205312415432/N P RAJESHWARAN/South Indian Bank/XXXXXXXX0014/MB NPR,22/02/2022,2066,0,"25,000.00","1,11,152.00",,,,,,,,,,,,,,,,
22/02/2022,CASH/1841/SELF,22/02/2022,2067,0,"20,000.00","1,31,152.00",,,,,,,,,,,,,,,,
22/02/2022,CASH/1841/SELF,22/02/2022,2068,0,"8,000.00","1,39,152.00",,,,,,,,,,,,,,,,
22/02/2022,"DEPOSIT-IMPS/205312301028/CHEERS RETAIL PRIVAT/ICICI Bank/XXXXXXXX0014/ici2band,",22/02/2022,2069,0,"5,700.00","1,44,852.00",,,,,,,,,,,,,,,,
22/02/2022,CLG/000673/GIRI BROTHERS,22/02/2022,673,"3,363.00",0,"1,41,489.00",,,,,,,,,,,,,,,,
22/02/2022,CLG/000683/A R ENTERPRISES,22/02/2022,683,"3,500.00",0,"1,37,989.00",,,,,,,,,,,,,,,,
22/02/2022,CLG/000391/JAGADEESH ENTERPRISES,22/02/2022,391,"23,062.00",0,"1,14,927.00",,,,,,,,,,,,,,,,
22/02/2022,CLG/000522/ADITHYA CO,22/02/2022,522,"25,269.00",0,"89,658.00",,,,,,,,,,,,,,,,
22/02/2022,CLG/000524/SRI JEET TRADERS,22/02/2022,524,"20,116.00",0,"69,542.00",,,,,,,,,,,,,,,,
22/02/2022,CLG/000525/SRI JEET TRADERS,22/02/2022,525,"19,000.00",0,"50,542.00",,,,,,,,,,,,,,,,
22/02/2022,CLG/000559/CUSTOM APPAREL,22/02/2022,559,"6,616.00",0,"43,926.00",,,,,,,,,,,,,,,,
22/02/2022,CLG/000590/KATARIYAAGENCIES,22/02/2022,590,"7,308.00",0,"36,618.00",,,,,,,,,,,,,,,,
22/02/2022,CLG/000592/KRISHNA TRADING,22/02/2022,592,"20,000.00",0,"16,618.00",,,,,,,,,,,,,,,,
22/02/2022,CLG/000609/VENKATESHWARA HATCHERIES,22/02/2022,609,"12,076.00",0,"4,542.00",,,,,,,,,,,,,,,,
22/02/2022,RTN/CLG/000629/Funds Insufficient/B VISWANATHAN,22/02/2022,2100,"22,450.00",0,"-17,908.00",,,,,,,,,,,,,,,,
22/02/2022,RTN/CLG/000629/Funds Insufficient/B VISWANATHAN,22/02/2022,2101,0,"22,450.00","4,542.00",,,,,,,,,,,,,,,,
22/02/2022,RTN/CHRGS/CLG/000629/Funds Insufficient/,22/02/2022,2102,590,0,"3,952.00",,,,,,,,,,,,,,,,
22/02/2022,RTN/CLG/000638/Funds Insufficient/MSKARTHICKAGENCY,22/02/2022,2103,"14,887.00",0,"-10,935.00",,,,,,,,,,,,,,,,
22/02/2022,RTN/CLG/000638/Funds Insufficient/MSKARTHICKAGENCY,22/02/2022,2104,0,"14,887.00","3,952.00",,,,,,,,,,,,,,,,
22/02/2022,RTN/CHRGS/CLG/000638/Funds Insufficient/,22/02/2022,2105,590,0,"3,362.00",,,,,,,,,,,,,,,,
22/02/2022,CLG/000653/SREE GOKULAM FOOD AND BEV,22/02/2022,653,"3,000.00",0,362,,,,,,,,,,,,,,,,
22/02/2022,RTN/CLG/000660/Funds Insufficient/BABA ENTERPRISES,22/02/2022,2110,"2,318.00",0,"-1,956.00",,,,,,,,,,,,,,,,
22/02/2022,RTN/CLG/000660/Funds Insufficient/BABA ENTERPRISES,22/02/2022,2111,0,"2,318.00",362,,,,,,,,,,,,,,,,
22/02/2022,RTN/CLG/000672/Funds Insufficient/JAI MARKETING AGENCYS,22/02/2022,2114,"4,428.00",0,"-4,066.00",,,,,,,,,,,,,,,,
22/02/2022,RTN/CLG/000672/Funds Insufficient/JAI MARKETING AGENCYS,22/02/2022,2115,0,"4,428.00",362,,,,,,,,,,,,,,,,
22/02/2022,RTN/CLG/000674/Funds Insufficient/A PLUS EXPORT PRIVATE LI,22/02/2022,2117,"24,320.00",0,"-23,958.00",,,,,,,,,,,,,,,,
22/02/2022,RTN/CLG/000674/Funds Insufficient/A PLUS EXPORT PRIVATE LI,22/02/2022,2118,0,"24,320.00",362,,,,,,,,,,,,,,,,
22/02/2022,RTN/CLG/000686/Funds Insufficient/SHRI SADHGURU LIFECARE,22/02/2022,2120,"4,281.00",0,"-3,919.00",,,,,,,,,,,,,,,,
22/02/2022,RTN/CLG/000686/Funds Insufficient/SHRI SADHGURU LIFECARE,22/02/2022,2121,0,"4,281.00",362,,,,,,,,,,,,,,,,
22/02/2022,"DEPOSIT-IMPS/205313134613/SELVAKUMARBAALU/Axis Bank/XXXXXXXX0014/,22/02/2022-131",22/02/2022,2122,0,"2,000.00","2,362.00",,,,,,,,,,,,,,,,
23/02/2022,DEPOSIT-IMPS/205411536088/CHEERS RETAIL PRIVAT/ICICI Bank/XXXXXXXX0014/crplic2ba,23/02/2022,2123,0,"49,500.00","51,862.00",,,,,,,,,,,,,,,,
23/02/2022,CLG/000534/BACKIYASTORES,23/02/2022,534,"9,988.00",0,"41,874.00",,,,,,,,,,,,,,,,
23/02/2022,CLG/000593/KRISHNA TRADING,23/02/2022,593,"15,000.00",0,"26,874.00",,,,,,,,,,,,,,,,
23/02/2022,CLG/000640/CRYSTALENTERPRISES,23/02/2022,640,"14,218.00",0,"12,656.00",,,,,,,,,,,,,,,,
23/02/2022,"DEPOSIT-IMPS/205412655009/SELVAKUMARBAALU/Axis Bank/XXXXXXXX0014/,23/02/2022-125",23/02/2022,2133,0,"17,000.00","29,656.00",,,,,,,,,,,,,,,,
23/02/2022,"DEPOSIT-IMPS/205412896415/CHEERS RETAIL PRIVAT/ICICI Bank/XXXXXXXX0014/ici2band,",23/02/2022,2134,0,"8,600.00","38,256.00",,,,,,,,,,,,,,,,
23/02/2022,"DEPOSIT-IMPS/205412677441/SELVAKUMARBAALU/Axis Bank/XXXXXXXX0014/,23/02/2022-125",23/02/2022,2135,0,"2,000.00","40,256.00",,,,,,,,,,,,,,,,
23/02/2022,CASH/1841/SELF,23/02/2022,2136,0,"4,100.00","44,356.00",,,,,,,,,,,,,,,,
23/02/2022,CLG/000652/RHINO SENTINEL AND ALLIE,23/02/2022,652,"27,420.00",0,"16,936.00",,,,,,,,,,,,,,,,
23/02/2022,S GURUSAMY,23/02/2022,671,"7,377.00",0,"9,559.00",,,,,,,,,,,,,,,,
23/02/2022,WDL-IMPS/205421019306/SELVAKUMAR BAALU/UTIB0000676/XXXXXXXXXXX6311/,23/02/2022,2141,"6,000.00",0,"3,559.00",,,,,,,,,,,,,,,,
24/02/2022,DEPOSIT-IMPS/205512425343/CHEERS RETAIL PRIVAT/ICICI Bank/XXXXXXXX0014/crplici2b,24/02/2022,2142,0,"10,600.00","14,159.00",,,,,,,,,,,,,,,,
24/02/2022,DEPOSIT-IMPS/205512526684/CHEERS RETAIL PRIVAT/ICICI Bank/XXXXXXXX0014/crplic2ba,24/02/2022,2143,0,"11,000.00","25,159.00",,,,,,,,,,,,,,,,
24/02/2022,CASH/1841/SELF,24/02/2022,2144,0,"3,005.00","28,164.00",,,,,,,,,,,,,,,,
24/02/2022,CASH/1841/SELF,24/02/2022,2145,0,"69,000.00","97,164.00",,,,,,,,,,,,,,,,
24/02/2022,GURUSAMY S,24/02/2022,670,"4,080.00",0,"93,084.00",,,,,,,,,,,,,,,,
24/02/2022,"DEPOSIT-IMPS/205512552906/SELVAKUMARBAALU/Axis Bank/XXXXXXXX0014/,24/02/2022-125",24/02/2022,2147,0,"10,500.00","1,03,584.00",,,,,,,,,,,,,,,,
24/02/2022,CLG/000585/J S AGENCIES,24/02/2022,585,"18,779.00",0,"84,805.00",,,,,,,,,,,,,,,,
24/02/2022,CLG/000622/RIKHAB TRADING COMPANY R,24/02/2022,622,"15,000.00",0,"69,805.00",,,,,,,,,,,,,,,,
24/02/2022,CLG/000643/SUN AGRO COM RESOURCES,24/02/2022,643,"3,897.00",0,"65,908.00",,,,,,,,,,,,,,,,
24/02/2022,CLG/000681/ATCHAYAS,24/02/2022,681,"22,000.00",0,"43,908.00",,,,,,,,,,,,,,,,
24/02/2022,CLG/000682/ATCHAYASBRITANNIAAC,24/02/2022,682,"17,065.00",0,"26,843.00",,,,,,,,,,,,,,,,
24/02/2022,CLG/000733/A PLUS EXPORTS PRIVATE L,24/02/2022,733,"24,320.00",0,"2,523.00",,,,,,,,,,,,,,,,
25/02/2022,CASH/1841/SELF,25/02/2022,2166,0,"4,000.00","6,523.00",,,,,,,,,,,,,,,,
25/02/2022,DEPOSIT-IMPS/205611884723/CHEERS RETAIL PRIVAT/ICICI Bank/XXXXXXXX0014/crici2ban,25/02/2022,2167,0,"26,800.00","33,323.00",,,,,,,,,,,,,,,,
25/02/2022,DEPOSIT-IMPS/205612125863/CHEERS RETAIL PRIVAT/ICICI Bank/XXXXXXXX0014/crplic2cr,25/02/2022,2168,0,"5,000.00","38,323.00",,,,,,,,,,,,,,,,
25/02/2022,"DEPOSIT-IMPS/205612344873/SELVAKUMARBAALU/Axis Bank/XXXXXXXX0014/,25/02/2022-124",25/02/2022,2169,0,"60,000.00","98,323.00",,,,,,,,,,,,,,,,
25/02/2022,CLG/000557/RAJA SNACKS AND SWEETS,25/02/2022,557,"8,233.00",0,"90,090.00",,,,,,,,,,,,,,,,
25/02/2022,CLG/000563/N S ENTERPRISES,25/02/2022,563,"9,255.00",0,"80,835.00",,,,,,,,,,,,,,,,
25/02/2022,CLG/000641/DHARSHAN FRUITS VEGETABL,25/02/2022,641,"23,106.00",0,"57,729.00",,,,,,,,,,,,,,,,
25/02/2022,CLG/000647/BULLOCKCARTDELIVERIE,25/02/2022,647,"15,198.00",0,"42,531.00",,,,,,,,,,,,,,,,
25/02/2022,WDL-IMPS/205619015535/SELVAKUMAR BAALU/UTIB0000676/XXXXXXXXXXX6311/,25/02/2022,2182,"40,000.00",0,"2,531.00",,,,,,,,,,,,,,,,
26/02/2022,Recovery of RTN/CHRGS/CLG/000686/Funds Insufficient/ - 22/02/22,26/02/2022,2184,"2,360.00",0,171,,,,,,,,,,,,,,,,
28/02/2022,DEPOSIT-IMPS/205911067275/CHEERS RETAIL PRIVAT/ICICI Bank/XXXXXXXX0014/ici2bandh,28/02/2022,2185,0,"61,000.00","61,171.00",,,,,,,,,,,,,,,,
28/02/2022,CLG/000475/BENANI FOODS PRIVATE LIMI,28/02/2022,475,"3,432.00",0,"57,739.00",,,,,,,,,,,,,,,,
28/02/2022,CLG/000583/RADHIKA AGENCIES,28/02/2022,583,"18,504.00",0,"39,235.00",,,,,,,,,,,,,,,,
28/02/2022,CLG/000586/J S AGENCIES,28/02/2022,586,"16,000.00",0,"23,235.00",,,,,,,,,,,,,,,,
28/02/2022,CLG/000617/SUPREME AGENCIES,28/02/2022,617,"6,380.00",0,"16,855.00",,,,,,,,,,,,,,,,
28/02/2022,CLG/000627/R V ENTERPRISES,28/02/2022,627,"9,791.00",0,"7,064.00",,,,,,,,,,,,,,,,
28/02/2022,CLG/000628/SUPREME AGENCIES,28/02/2022,628,"4,985.00",0,"2,079.00",,,,,,,,,,,,,,,,
28/02/2022,CASH/1841/SELF,28/02/2022,2204,0,"55,500.00","57,579.00",,,,,,,,,,,,,,,,
28/02/2022,DEPOSIT-IMPS/205912553308/CHEERS RETAIL PRIVAT/ICICI Bank/XXXXXXXX0014/crici2ban,28/02/2022,2205,0,"12,200.00","69,779.00",,,,,,,,,,,,,,,,
28/02/2022,CASH/1841/SELF,28/02/2022,2206,0,"20,000.00","89,779.00",,,,,,,,,,,,,,,,
28/02/2022,CLG/000629/B VISWANATHAN,28/02/2022,629,"22,450.00",0,"67,329.00",,,,,,,,,,,,,,,,
28/02/2022,CLG/000632/SYSTECH CREATIVE,28/02/2022,632,"17,541.00",0,"49,788.00",,,,,,,,,,,,,,,,
28/02/2022,CLG/000636/TANNYS GOURMET FOODS LLP,28/02/2022,636,"9,144.00",0,"40,644.00",,,,,,,,,,,,,,,,
28/02/2022,CLG/000646/ARCHANA TRADING,28/02/2022,646,"13,000.00",0,"27,644.00",,,,,,,,,,,,,,,,
28/02/2022,CLG/000667/SKY OFFICE MART,28/02/2022,667,"9,095.00",0,"18,549.00",,,,,,,,,,,,,,,,
28/02/2022,CLG/000688/SUN AGRO COM RESOURCES,28/02/2022,688,"5,329.00",0,"13,220.00",,,,,,,,,,,,,,,,
28/02/2022,CLG/000660/BABA ENTERPRISES,28/02/2022,660,"2,318.00",0,"10,902.00",,,,,,,,,,,,,,,,
28/02/2022,GURUSAMY S,28/02/2022,668,"5,000.00",0,"5,902.00",,,,,,,,,,,,,,,,
28/02/2022,MAB Charge for the period February,28/02/2022,2229,"1,180.00",0,"4,722.00",,,,,,,,,,,,,,,,
01/03/2022,DEPOSIT-IMPS/206011105287/CHEERS RETAIL PRIVAT/ICICI Bank/XXXXXXXX0014/cricic2ba,01/03/2022,2230,0,"20,800.00","25,522.00",,,,,,,,,,,,,,,,
01/03/2022,CLG/000485/YAKULT DANONE INDIA PVT,01/03/2022,485,"1,317.00",0,"24,205.00",,,,,,,,,,,,,,,,
01/03/2022,CLG/000645/ARCHANA TRADING,01/03/2022,645,"12,070.00",0,"12,135.00",,,,,,,,,,,,,,,,
01/03/2022,"DEPOSIT-IMPS/206012455755/SELVAKUMARBAALU/Axis Bank/XXXXXXXX0014/,01/03/2022-123",01/03/2022,2237,0,"23,000.00","35,135.00",,,,,,,,,,,,,,,,
01/03/2022,CLG/000621/RIKHAB TRADING COMPANY R,01/03/2022,621,"15,530.00",0,"19,605.00",,,,,,,,,,,,,,,,
01/03/2022,CLG/000631/SAKTHI ENTERPRISES,01/03/2022,631,"16,960.00",0,"2,645.00",,,,,,,,,,,,,,,,
01/03/2022,RTN/CLG/000554/Instrument out dated / stale/SRI BALA ASSOCIATE SUBRA,01/03/2022,2244,"7,016.00",0,"-4,371.00",,,,,,,,,,,,,,,,
01/03/2022,RTN/CLG/000554/Instrument out dated / stale/SRI BALA ASSOCIATE SUBRA,01/03/2022,2245,0,"7,016.00","2,645.00",,,,,,,,,,,,,,,,
01/03/2022,RTN/CLG/000662/Funds Insufficient/SAKTHI TRADERS,01/03/2022,2246,"14,000.00",0,"-11,355.00",,,,,,,,,,,,,,,,
01/03/2022,RTN/CLG/000662/Funds Insufficient/SAKTHI TRADERS,01/03/2022,2247,0,"14,000.00","2,645.00",,,,,,,,,,,,,,,,
01/03/2022,RTN/CHRGS/CLG/000662/Funds Insufficient/,01/03/2022,2248,590,0,"2,055.00",,,,,,,,,,,,,,,,
01/03/2022,RTN/CLG/000650/Funds Insufficient/RHINO SENTINEL AND ALLIE,01/03/2022,2249,"12,870.00",0,"-10,815.00",,,,,,,,,,,,,,,,
01/03/2022,RTN/CLG/000650/Funds Insufficient/RHINO SENTINEL AND ALLIE,01/03/2022,2250,0,"12,870.00","2,055.00",,,,,,,,,,,,,,,,
01/03/2022,RTN/CHRGS/CLG/000650/Funds Insufficient/,01/03/2022,2251,590,0,"1,465.00",,,,,,,,,,,,,,,,
01/03/2022,RTN/CLG/000680/Funds Insufficient/ATCHAYAS,01/03/2022,2252,"21,000.00",0,"-19,535.00",,,,,,,,,,,,,,,,
01/03/2022,RTN/CLG/000680/Funds Insufficient/ATCHAYAS,01/03/2022,2253,0,"21,000.00","1,465.00",,,,,,,,,,,,,,,,
01/03/2022,RTN/CHRGS/CLG/000680/Funds Insufficient/,01/03/2022,2254,590,0,875,,,,,,,,,,,,,,,,
01/03/2022,RTN/CLG/000731/Funds Insufficient/BHARTI AIRTEL LIMITEDSB,01/03/2022,2255,"16,054.00",0,"-15,179.00",,,,,,,,,,,,,,,,
01/03/2022,RTN/CLG/000731/Funds Insufficient/BHARTI AIRTEL LIMITEDSB,01/03/2022,2256,0,"16,054.00",875,,,,,,,,,,,,,,,,
01/03/2022,RTN/CHRGS/CLG/000731/Funds Insufficient/,01/03/2022,2257,590,0,285,,,,,,,,,,,,,,,,
02/03/2022,"DEPOSIT-IMPS/206111473006/CHEERS RETAIL PRIVAT/ICICI Bank/XXXXXXXX0014/ici2band,",02/03/2022,2258,0,"69,700.00","69,985.00",,,,,,,,,,,,,,,,
02/03/2022,CLG/000603/SUPREME AGENCIES,02/03/2022,603,"7,562.00",0,"62,423.00",,,,,,,,,,,,,,,,
02/03/2022,CLG/000616/MEHTA AGENCIES,02/03/2022,616,"10,982.00",0,"51,441.00",,,,,,,,,,,,,,,,
02/03/2022,CLG/000659/SUPREME AGENCIES,02/03/2022,659,"3,985.00",0,"47,456.00",,,,,,,,,,,,,,,,
02/03/2022,CLG/000686/SHRI SADHGURU LIFE CARE,02/03/2022,686,"4,281.00",0,"43,175.00",,,,,,,,,,,,,,,,
02/03/2022,CLG/000695/RAJALAKSHMI FOUNDATION,02/03/2022,695,"10,376.00",0,"32,799.00",,,,,,,,,,,,,,,,
02/03/2022,CLG/000712/ANNAI AGENCIES,02/03/2022,712,"18,000.00",0,"14,799.00",,,,,,,,,,,,,,,,
02/03/2022,DEPOSIT-IMPS/206112849979/N P RAJESHWARAN/South Indian Bank/XXXXXXXX0014/MB NPR,02/03/2022,2277,0,"22,000.00","36,799.00",,,,,,,,,,,,,,,,
02/03/2022,DEPOSIT-IMPS/206112911445/CHEERS RETAIL PRIVAT/ICICI Bank/XXXXXXXX0014/icic2band,02/03/2022,2278,0,"12,600.00","49,399.00",,,,,,,,,,,,,,,,
02/03/2022,CLG/000724/SAROJINITRADERS,02/03/2022,724,"17,751.00",0,"31,648.00",,,,,,,,,,,,,,,,
02/03/2022,CLG/000655/MARSTRADINGMART,02/03/2022,655,"15,162.00",0,"16,486.00",,,,,,,,,,,,,,,,
03/03/2022,WDL-IMPS/206210004502/SELVAKUMAR BAALU/UTIB0000676/XXXXXXXXXXX6311/,03/03/2022,2285,"16,000.00",0,486,,,,,,,,,,,,,,,,
03/03/2022,DEPOSIT-IMPS/206212966238/CHEERS RETAIL PRIVAT/ICICI Bank/XXXXXXXX0014/cric2band,03/03/2022,2286,0,"28,400.00","28,886.00",,,,,,,,,,,,,,,,
03/03/2022,,03/03/2022,2287,0,"35,000.00","63,886.00",,,,,,,,,,,,,,,,
03/03/2022,CASH/1841/SELF,03/03/2022,2288,0,"50,000.00","1,13,886.00",,,,,,,,,,,,,,,,
03/03/2022,CLG/000650/RHINO SENTINEL AND ALLIE,03/03/2022,650,"12,870.00",0,"1,01,016.00",,,,,,,,,,,,,,,,
03/03/2022,CLG/000684/ASHRIYA ENTERPRISES,03/03/2022,684,"6,899.00",0,"94,117.00",,,,,,,,,,,,,,,,
03/03/2022,CLG/000691/AATISHWAR ENTERPRISES,03/03/2022,691,"12,664.00",0,"81,453.00",,,,,,,,,,,,,,,,
03/03/2022,CLG/000702/S S TRADERS,03/03/2022,702,"10,590.00",0,"70,863.00",,,,,,,,,,,,,,,,
03/03/2022,CLG/000722/MARSTRADINGMART,03/03/2022,722,"15,000.00",0,"55,863.00",,,,,,,,,,,,,,,,
03/03/2022,CLG/000690/DHARSHAN FUITS AND VEGET,03/03/2022,690,"16,685.00",0,"39,178.00",,,,,,,,,,,,,,,,
03/03/2022,CLG/000713/ANNAI AGENCIES,03/03/2022,713,"19,984.00",0,"19,194.00",,,,,,,,,,,,,,,,
03/03/2022,CLG/000719/JAINMARKETING,03/03/2022,719,"17,169.00",0,"2,025.00",,,,,,,,,,,,,,,,
03/03/2022,WDL-IMPS/206219017472/SELVAKUMAR BAALU/UTIB0000676/XXXXXXXXXXX6311/,03/03/2022,2313,"2,000.00",0,25,,,,,,,,,,,,,,,,
04/03/2022,DEPOSIT-IMPS/206311862849/CHEERS RETAIL PRIVAT/ICICI Bank/XXXXXXXX0014/crplic2ba,04/03/2022,2314,0,"50,800.00","50,825.00",,,,,,,,,,,,,,,,
04/03/2022,CASH/1841/SELF,04/03/2022,2315,0,"2,500.00","53,325.00",,,,,,,,,,,,,,,,
04/03/2022,DEPOSIT-IMPS/206312128085/CHEERS RETAIL PRIVAT/ICICI Bank/XXXXXXXX0014/crplic2ba,04/03/2022,2316,0,"13,400.00","66,725.00",,,,,,,,,,,,,,,,
04/03/2022,DEPOSIT-IMPS/206312143776/CHEERS RETAIL PRIVAT/ICICI Bank/XXXXXXXX0014/CRPLBANDH,04/03/2022,2317,0,"2,000.00","68,725.00",,,,,,,,,,,,,,,,
04/03/2022,DEPOSIT-IMPS/206313976023/N P RAJESHWARAN/South Indian Bank/XXXXXXXX0014/MB NPR,04/03/2022,2318,0,"10,000.00","78,725.00",,,,,,,,,,,,,,,,
04/03/2022,CLG/000689/DHARSHAN FRUITS AND VEGE,04/03/2022,689,"8,391.00",0,"70,334.00",,,,,,,,,,,,,,,,
04/03/2022,CLG/000718/SRI SAI SANJEEV AGENCIES,04/03/2022,718,"10,030.00",0,"60,304.00",,,,,,,,,,,,,,,,
04/03/2022,CLG/000723/MARSTRADINGMART,04/03/2022,723,"16,494.00",0,"43,810.00",,,,,,,,,,,,,,,,
04/03/2022,CLG/000728/VIJAY ENTERPRISES,04/03/2022,728,"15,218.00",0,"28,592.00",,,,,,,,,,,,,,,,
04/03/2022,CLG/000741/BHARTI AIRTEL LIMITEDSB,04/03/2022,741,"16,054.00",0,"12,538.00",,,,,,,,,,,,,,,,
05/03/2022,DEPOSIT-IMPS/206411845034/CHEERS RETAIL PRIVAT/ICICI Bank/XXXXXXXX0014/crplici2b,05/03/2022,2335,0,"52,000.00","64,538.00",,,,,,,,,,,,,,,,
05/03/2022,CLG/000658/T J AGENCIES PH  4424335,05/03/2022,658,"10,686.00",0,"53,852.00",,,,,,,,,,,,,,,,
05/03/2022,CLG/000721/BABA ENTERPRISES,05/03/2022,721,"2,280.00",0,"51,572.00",,,,,,,,,,,,,,,,
05/03/2022,CLG/000697/M.M.B ENTERPRISES,05/03/2022,697,"13,057.00",0,"38,515.00",,,,,,,,,,,,,,,,
05/03/2022,CLG/000708/TANNYSGOURMETFOODSLLP,05/03/2022,708,"4,716.00",0,"33,799.00",,,,,,,,,,,,,,,,
07/03/2022,"DEPOSIT-IMPS/206611933282/CHEERS RETAIL PRIVAT/ICICI Bank/XXXXXXXX0014/ici2band,",07/03/2022,2349,0,"71,000.00","1,04,799.00",,,,,,,,,,,,,,,,
07/03/2022,CLG/000553/CHENNAI TRADERS,07/03/2022,553,"18,975.00",0,"85,824.00",,,,,,,,,,,,,,,,
07/03/2022,CLG/000630/SAKTHI ENTERPRISES,07/03/2022,630,"9,750.00",0,"76,074.00",,,,,,,,,,,,,,,,
07/03/2022,"DEPOSIT-IMPS/206612699318/SELVAKUMARBAALU/Axis Bank/XXXXXXXX0014/,07/03/2022-123",07/03/2022,2354,0,"1,00,000.00","1,76,074.00",,,,,,,,,,,,,,,,
07/03/2022,CLG/000644/A G AGENCIES,07/03/2022,644,"9,797.00",0,"1,66,277.00",,,,,,,,,,,,,,,,
07/03/2022,CLG/000656/MEHTA AGENCIES,07/03/2022,656,"16,038.00",0,"1,50,239.00",,,,,,,,,,,,,,,,
07/03/2022,CLG/000687/SUNNYVALE APARTMENTS OWN,07/03/2022,687,"13,941.00",0,"1,36,298.00",,,,,,,,,,,,,,,,
07/03/2022,CLG/000700/SAIRAM MARKETING,07/03/2022,700,"15,780.00",0,"1,20,518.00",,,,,,,,,,,,,,,,
07/03/2022,CLG/000701/SAIRAM MARKETING,07/03/2022,701,"14,000.00",0,"1,06,518.00",,,,,,,,,,,,,,,,
07/03/2022,CLG/000742/DHARSHAN FRUITS AND VEGE,07/03/2022,742,"29,809.00",0,"76,709.00",,,,,,,,,,,,,,,,
08/03/2022,CLG/000555/INNOVATIVEFOODSLIMITED,08/03/2022,555,"7,848.00",0,"68,861.00",,,,,,,,,,,,,,,,
08/03/2022,CLG/000696/RAJALAKSHMI FOUNDATION,08/03/2022,696,"25,351.00",0,"43,510.00",,,,,,,,,,,,,,,,
08/03/2022,CLG/000707/T J AGENCIES PH  4424335,08/03/2022,707,"11,014.00",0,"32,496.00",,,,,,,,,,,,,,,,
08/03/2022,CLG/000720/JAI BAJRANG BALI AGENCIES,08/03/2022,720,"6,695.00",0,"25,801.00",,,,,,,,,,,,,,,,
09/03/2022,DEPOSIT-IMPS/206811230058/CHEERS RETAIL PRIVAT/ICICI Bank/XXXXXXXX0014/cric2band,09/03/2022,2387,0,"75,000.00","1,00,801.00",,,,,,,,,,,,,,,,
09/03/2022,CLG/000447/Corporation of Chennai,09/03/2022,447,"1,940.00",0,"98,861.00",,,,,,,,,,,,,,,,
09/03/2022,CLG/000672/JAI MARKETING AGENCYS,09/03/2022,672,"4,428.00",0,"94,433.00",,,,,,,,,,,,,,,,
09/03/2022,CLG/000717/CALCARECOMPANY,09/03/2022,717,"2,255.00",0,"92,178.00",,,,,,,,,,,,,,,,
09/03/2022,WDL-IMPS/206819018090/SELVAKUMAR BAALU/UTIB0000676/XXXXXXXXXXX6311/,09/03/2022,2395,"92,000.00",0,178,,,,,,,,,,,,,,,,
10/03/2022,"DEPOSIT-IMPS/206912636540/SELVAKUMARBAALU/Axis Bank/XXXXXXXX0014/,10/03/2022-121",10/03/2022,2396,0,"40,000.00","40,178.00",,,,,,,,,,,,,,,,
10/03/2022,CASH/1753/SELF,10/03/2022,2397,0,"6,629.00","46,807.00",,,,,,,,,,,,,,,,
10/03/2022,CASH/1753/SELF,10/03/2022,2398,0,"4,635.00","51,442.00",,,,,,,,,,,,,,,,
10/03/2022,CASH/1753/SELF,10/03/2022,2399,0,"23,021.00","74,463.00",,,,,,,,,,,,,,,,
10/03/2022,DEPOSIT-IMPS/206912557829/CHEERS RETAIL PRIVAT/ICICI Bank/XXXXXXXX0014/icic2band,10/03/2022,2400,0,"29,000.00","1,03,463.00",,,,,,,,,,,,,,,,
10/03/2022,CLG/000638/MSKARTHICKAGENCY,10/03/2022,638,"14,887.00",0,"88,576.00",,,,,,,,,,,,,,,,
10/03/2022,CLG/000662/SAKTHI TRADERS,10/03/2022,662,"14,000.00",0,"74,576.00",,,,,,,,,,,,,,,,
10/03/2022,CLG/000732/OM SAM INDUSTRIES,10/03/2022,732,"9,450.00",0,"65,126.00",,,,,,,,,,,,,,,,
10/03/2022,WDL-IMPS/206923021062/CHEERS RETAIL PRIVATE LIMITED/ICIC0003995/XXXXXXXX0409/,10/03/2022,2410,"15,000.00",0,"50,126.00",,,,,,,,,,,,,,,,
10/03/2022,WDL-IMPS/206923021092/CHEERS RETAIL PRIVATE LIMITED/ICIC0003995/XXXXXXXX0409/,10/03/2022,2411,"5,000.00",0,"45,126.00",,,,,,,,,,,,,,,,
11/03/2022,CASH/1841/SELF,11/03/2022,2413,0,"1,00,000.00","1,45,126.00",,,,,,,,,,,,,,,,
11/03/2022,WDL-IMPS/207011005097/SELVAKUMAR BAALU/UTIB0000676/XXXXXXXXXXX6311/,11/03/2022,2414,"1,00,000.00",0,"45,126.00",,,,,,,,,,,,,,,,
11/03/2022,CLG/000746/DINESH D,11/03/2022,746,"10,350.00",0,"34,776.00",,,,,,,,,,,,,,,,
11/03/2022,CASH/1753/SELF,11/03/2022,2417,0,"7,500.00","42,276.00",,,,,,,,,,,,,,,,
11/03/2022,CASH/1753/SELF,11/03/2022,2418,0,"11,600.00","53,876.00",,,,,,,,,,,,,,,,
12/03/2022,-,11/03/2022,,0,0,"53,876.00",,,,,,,,,,,,,,,,
14/03/2022,CASH/1753/SELF,14/03/2022,2421,0,"3,833.00","57,709.00",,,,,,,,,,,,,,,,
14/03/2022,CASH/1753/SELF,14/03/2022,2422,0,"6,282.00","63,991.00",,,,,,,,,,,,,,,,
14/03/2022,CASH/1753/SELF,14/03/2022,2423,0,"11,515.00","75,506.00",,,,,,,,,,,,,,,,
14/03/2022,CASH/1753/SELF,14/03/2022,2424,0,"14,078.00","89,584.00",,,,,,,,,,,,,,,,
14/03/2022,CLG/000467/MARS PEST MANAGEMENT SYS,14/03/2022,467,"2,124.00",0,"87,460.00",,,,,,,,,,,,,,,,
14/03/2022,CLG/000744/SRI BALA ASSOCIATE SUBRA,14/03/2022,744,"7,016.00",0,"80,444.00",,,,,,,,,,,,,,,,
14/03/2022,WDL-IMPS/207312005834/SELVAKUMAR BAALU/UTIB0000676/XXXXXXXXXXX6311/,14/03/2022,2429,"30,000.00",0,"50,444.00",,,,,,,,,,,,,,,,
15/03/2022,CASH/1753/SELF,15/03/2022,2430,0,"14,427.00","64,871.00",,,,,,,,,,,,,,,,
15/03/2022,CASH/1753/SELF,15/03/2022,2431,0,"7,135.00","72,006.00",,,,,,,,,,,,,,,,
15/03/2022,WDL-IMPS/207410004316/SELVAKUMAR BAALU/UTIB0000676/XXXXXXXXXXX6311/,15/03/2022,2432,"60,000.00",0,"12,006.00",,,,,,,,,,,,,,,,
15/03/2022,"DEPOSIT-IMPS/207412402896/SELVAKUMARBAALU/Axis Bank/XXXXXXXX0014/,15/03/2022-121",15/03/2022,2433,0,"10,000.00","22,006.00",,,,,,,,,,,,,,,,
15/03/2022,"DEPOSIT-IMPS/207412526708/SELVAKUMARBAALU/Axis Bank/XXXXXXXX0014/,15/03/2022-123",15/03/2022,2434,0,"1,000.00","23,006.00",,,,,,,,,,,,,,,,
15/03/2022,CLG/000748/THE NEW INDIA ASSURANCE C,15/03/2022,748,"21,248.00",0,"1,758.00",,,,,,,,,,,,,,,,
16/03/2022,CASH/1753/SELF,16/03/2022,2438,0,"9,780.00","11,538.00",,,,,,,,,,,,,,,,
16/03/2022,CASH/1753/SELF,16/03/2022,2439,0,"14,791.00","26,329.00",,,,,,,,,,,,,,,,
16/03/2022,WDL-IMPS/207511004724/SELVAKUMAR BAALU/UTIB0000676/XXXXXXXXXXX6311/,16/03/2022,2440,"25,000.00",0,"1,329.00",,,,,,,,,,,,,,,,
16/03/2022,"DEPOSIT-IMPS/207511686060/SELVAKUMARBAALU/Axis Bank/XXXXXXXX0014/,16/03/2022-114",16/03/2022,2441,0,"13,000.00","14,329.00",,,,,,,,,,,,,,,,
16/03/2022,"DEPOSIT-IMPS/207512892644/SELVAKUMARBAALU/Axis Bank/XXXXXXXX0014/,16/03/2022-122",16/03/2022,2442,0,"10,000.00","24,329.00",,,,,,,,,,,,,,,,
16/03/2022,CASH/1841/SELF,16/03/2022,2443,0,"10,000.00","34,329.00",,,,,,,,,,,,,,,,
16/03/2022,CASH/1841/SELF,16/03/2022,2444,0,"17,000.00","51,329.00",,,,,,,,,,,,,,,,
16/03/2022,"DEPOSIT-IMPS/207513082957/SELVAKUMARBAALU/Axis Bank/XXXXXXXX0014/,16/03/2022-130",16/03/2022,2445,0,"3,200.00","54,529.00",,,,,,,,,,,,,,,,
16/03/2022,"DEPOSIT-IMPS/207513084827/SELVAKUMARBAALU/Axis Bank/XXXXXXXX0014/,16/03/2022-130",16/03/2022,2446,0,"2,000.00","56,529.00",,,,,,,,,,,,,,,,
16/03/2022,CLG/000666/RAINBOW FORMS,16/03/2022,666,"12,744.00",0,"43,785.00",,,,,,,,,,,,,,,,
16/03/2022,RTN/CLG/000734/Instrument post dated/MULLAIYARAGROPRODUCTS,16/03/2022,2450,"6,615.00",0,"37,170.00",,,,,,,,,,,,,,,,
16/03/2022,RTN/CLG/000734/Instrument post dated/MULLAIYARAGROPRODUCTS,16/03/2022,2451,0,"6,615.00","43,785.00",,,,,,,,,,,,,,,,
16/03/2022,CLG/000745/SUNNYVALE APARTMENTS OWN,16/03/2022,745,"18,850.00",0,"24,935.00",,,,,,,,,,,,,,,,
17/03/2022,CASH/1753/SELF,17/03/2022,2455,0,"13,477.00","38,412.00",,,,,,,,,,,,,,,,
17/03/2022,CASH/1753/SELF,17/03/2022,2456,0,"6,134.00","44,546.00",,,,,,,,,,,,,,,,
17/03/2022,WDL-IMPS/207614009453/SELVAKUMAR BAALU/UTIB0000676/XXXXXXXXXXX6311/,17/03/2022,2457,"40,000.00",0,"4,546.00",,,,,,,,,,,,,,,,
18/03/2022,CASH/1753/SELF,18/03/2022,2458,0,"8,521.00","13,067.00",,,,,,,,,,,,,,,,
18/03/2022,CASH/1753/SELF,18/03/2022,2459,0,"16,127.00","29,194.00",,,,,,,,,,,,,,,,
19/03/2022,CLG/000606/V DO EVENTS,19/03/2022,606,"13,151.00",0,"16,043.00",,,,,,,,,,,,,,,,
19/03/2022,CLG/000649/INDIA SWEET COMPANY PRIV,19/03/2022,649,"15,582.00",0,461,,,,,,,,,,,,,,,,
19/03/2022,DEPOSIT-IMPS/207812496828/CHEERS RETAIL PRIVAT/ICICI Bank/XXXXXXXX0014/band2icic,19/03/2022,2466,0,"26,000.00","26,461.00",,,,,,,,,,,,,,,,
19/03/2022,CASH/1753/SELF,19/03/2022,2467,0,"17,200.00","43,661.00",,,,,,,,,,,,,,,,
19/03/2022,"DEPOSIT-IMPS/207812967363/SELVAKUMARBAALU/Axis Bank/XXXXXXXX0014/,19/03/2022-124",19/03/2022,2468,0,"35,000.00","78,661.00",,,,,,,,,,,,,,,,
19/03/2022,CLG/000680/ATCHAYASBRITANNIAAC,19/03/2022,680,"21,000.00",0,"57,661.00",,,,,,,,,,,,,,,,
19/03/2022,CLG/000693/MC ENTERPRISES,19/03/2022,693,"21,745.00",0,"35,916.00",,,,,,,,,,,,,,,,
19/03/2022,CLG/000805/H AND S DISTRIBUTORS,19/03/2022,805,"24,000.00",0,"11,916.00",,,,,,,,,,,,,,,,
19/03/2022,CASH/1753/SELF,19/03/2022,2478,0,"7,000.00","18,916.00",,,,,,,,,,,,,,,,
21/03/2022,CASH/1753/SELF,21/03/2022,2482,0,"5,818.00","24,734.00",,,,,,,,,,,,,,,,
21/03/2022,CASH/1753/SELF,21/03/2022,2483,0,"8,259.00","32,993.00",,,,,,,,,,,,,,,,
21/03/2022,CASH/1753/SELF,21/03/2022,2484,0,"7,306.00","40,299.00",,,,,,,,,,,,,,,,
21/03/2022,CLG/000473/KAVYAENTERPRISES,21/03/2022,473,"6,463.00",0,"33,836.00",,,,,,,,,,,,,,,,
21/03/2022,CLG/000594/DURGA ENTERPRISES,21/03/2022,594,"5,724.00",0,"28,112.00",,,,,,,,,,,,,,,,
21/03/2022,CLG/000763/GEETHA AGENCIES,21/03/2022,763,"1,263.00",0,"26,849.00",,,,,,,,,,,,,,,,
21/03/2022,DEPOSIT-IMPS/208012148935/CHEERS RETAIL PRIVAT/ICICI Bank/XXXXXXXX0014/ici2bandh,21/03/2022,2491,0,"38,000.00","64,849.00",,,,,,,,,,,,,,,,
21/03/2022,CASH/1841/SELF,21/03/2022,2492,0,"7,000.00","71,849.00",,,,,,,,,,,,,,,,
21/03/2022,CASH/1753/SELF,21/03/2022,2493,0,"9,000.00","80,849.00",,,,,,,,,,,,,,,,
21/03/2022,CLG/000648/G G AGENCIES,21/03/2022,648,"8,898.00",0,"71,951.00",,,,,,,,,,,,,,,,
21/03/2022,CLG/000706/CRYSTALENTERPRISES,21/03/2022,706,"9,914.00",0,"62,037.00",,,,,,,,,,,,,,,,
21/03/2022,CLG/000711/AMALGAMFROZENFOODSP,21/03/2022,711,"8,395.00",0,"53,642.00",,,,,,,,,,,,,,,,
21/03/2022,CLG/000738/SKY OFFICE MART,21/03/2022,738,"8,609.00",0,"45,033.00",,,,,,,,,,,,,,,,
21/03/2022,CLG/000747/A PLUS EXPORTS PVT LTD,21/03/2022,747,"36,380.00",0,"8,653.00",,,,,,,,,,,,,,,,
21/03/2022,CLG/000806/H AND S DISTRIBUTORS,21/03/2022,806,"8,475.00",0,178,,,,,,,,,,,,,,,,
22/03/2022,CASH/1753/SELF,22/03/2022,2512,0,"4,506.00","4,684.00",,,,,,,,,,,,,,,,
22/03/2022,CASH/1841/SELF,22/03/2022,2513,0,"20,000.00","24,684.00",,,,,,,,,,,,,,,,
22/03/2022,CLG/000783/SKM ANIMAL FEEDS AND FOOD,22/03/2022,783,"3,848.00",0,"20,836.00",,,,,,,,,,,,,,,,
22/03/2022,CASH/1841/SELF,22/03/2022,2517,0,"20,000.00","40,836.00",,,,,,,,,,,,,,,,
22/03/2022,CASH/1841/SELF,22/03/2022,2518,0,"3,156.00","43,992.00",,,,,,,,,,,,,,,,
22/03/2022,"DEPOSIT-IMPS/208112128753/CHEERS RETAIL PRIVAT/ICICI Bank/XXXXXXXX0014/ici2band,",22/03/2022,2519,0,"1,08,000.00","1,51,992.00",,,,,,,,,,,,,,,,
22/03/2022,CLG/000506/CRYSTAL ENTERPRISES,22/03/2022,506,"12,487.00",0,"1,39,505.00",,,,,,,,,,,,,,,,
22/03/2022,CLG/000727/VENKATESHWARA HATCHERIES,22/03/2022,727,"18,059.00",0,"1,21,446.00",,,,,,,,,,,,,,,,
22/03/2022,CLG/000813/GIRI BROTHERS,22/03/2022,813,"8,763.00",0,"1,12,683.00",,,,,,,,,,,,,,,,
22/03/2022,CLG/000725/SAIRAM MARKETING,22/03/2022,725,"26,595.00",0,"86,088.00",,,,,,,,,,,,,,,,
22/03/2022,CLG/000726/SAIRAM MARKETING,22/03/2022,726,"26,100.00",0,"59,988.00",,,,,,,,,,,,,,,,
22/03/2022,CLG/000743/DHARSHAN FRUITS AND VEGE,22/03/2022,743,"29,866.00",0,"30,122.00",,,,,,,,,,,,,,,,
22/03/2022,WDL-IMPS/208120016839/SELVAKUMAR BAALU/UTIB0000676/XXXXXXXXXXX6311/,22/03/2022,2541,"29,000.00",0,"1,122.00",,,,,,,,,,,,,,,,
23/03/2022,DEPOSIT-IMPS/208212624729/CHEERS RETAIL PRIVAT/ICICI Bank/XXXXXXXX0014/icic2band,23/03/2022,2542,0,"25,000.00","26,122.00",,,,,,,,,,,,,,,,
23/03/2022,CLG/000755/B VISWANATHAN,23/03/2022,755,"17,625.00",0,"8,497.00",,,,,,,,,,,,,,,,
23/03/2022,s gurusamy,23/03/2022,669,"4,900.00",0,"3,597.00",,,,,,,,,,,,,,,,
24/03/2022,CASH/1753/SELF,24/03/2022,2547,0,"3,600.00","7,197.00",,,,,,,,,,,,,,,,
24/03/2022,DEPOSIT-IMPS/208311369804/CHEERS RETAIL PRIVAT/ICICI Bank/XXXXXXXX0014/icic2band,24/03/2022,2548,0,"18,000.00","25,197.00",,,,,,,,,,,,,,,,
24/03/2022,CLG/000790/SUN AGRO COM RESOURCES,24/03/2022,790,"3,851.00",0,"21,346.00",,,,,,,,,,,,,,,,
24/03/2022,CASH/1841/SELF,24/03/2022,2552,0,"4,000.00","25,346.00",,,,,,,,,,,,,,,,
24/03/2022,"DEPOSIT-IMPS/208312497664/SELVAKUMARBAALU/Axis Bank/XXXXXXXX0014/,24/03/2022-124",24/03/2022,2553,0,"13,500.00","38,846.00",,,,,,,,,,,,,,,,
24/03/2022,DEPOSIT-IMPS/208312642100/CHEERS RETAIL PRIVAT/ICICI Bank/XXXXXXXX0014/icic2band,24/03/2022,2554,0,"5,500.00","44,346.00",,,,,,,,,,,,,,,,
24/03/2022,"DEPOSIT-IMPS/208312532371/SELVAKUMARBAALU/Axis Bank/XXXXXXXX0014/,24/03/2022-125",24/03/2022,2555,0,"13,000.00","57,346.00",,,,,,,,,,,,,,,,
24/03/2022,DEPOSIT-IMPS/208312990307/N P RAJESHWARAN/South Indian Bank/XXXXXXXX0014/MB NPR,24/03/2022,2556,0,"10,000.00","67,346.00",,,,,,,,,,,,,,,,
24/03/2022,"DEPOSIT-IMPS/208312549149/SELVAKUMARBAALU/Axis Bank/XXXXXXXX0014/,24/03/2022-125",24/03/2022,2557,0,"11,600.00","78,946.00",,,,,,,,,,,,,,,,
24/03/2022,DEPOSIT-IMPS/208312673038/CHEERS RETAIL PRIVAT/ICICI Bank/XXXXXXXX0014/icic2band,24/03/2022,2558,0,"5,000.00","83,946.00",,,,,,,,,,,,,,,,
24/03/2022,CLG/000714/BULLOCKCARTDELIVERIE,24/03/2022,714,"5,757.00",0,"78,189.00",,,,,,,,,,,,,,,,
24/03/2022,CLG/000737/MEHTA  AGENCIES,24/03/2022,737,"5,769.00",0,"72,420.00",,,,,,,,,,,,,,,,
24/03/2022,CLG/000754/ASHRIYA ENTERPRISES,24/03/2022,754,"14,424.00",0,"57,996.00",,,,,,,,,,,,,,,,
24/03/2022,CLG/000770/LAUNCHPAD CONSUMER PRODU,24/03/2022,770,"11,124.00",0,"46,872.00",,,,,,,,,,,,,,,,
24/03/2022,CLG/000772/MEHTA  AGENCIES,24/03/2022,772,"14,827.00",0,"32,045.00",,,,,,,,,,,,,,,,
24/03/2022,CLG/000775/R SQUARE FOOD FACTORY,24/03/2022,775,"5,150.00",0,"26,895.00",,,,,,,,,,,,,,,,
24/03/2022,CLG/000776/R V ENTERPRISES,24/03/2022,776,"11,250.00",0,"15,645.00",,,,,,,,,,,,,,,,
24/03/2022,CLG/000778/S M ENTERPRISES,24/03/2022,778,"4,671.00",0,"10,974.00",,,,,,,,,,,,,,,,
24/03/2022,RTN/CLG/000782/Funds Insufficient/SAROJINITRADERS,24/03/2022,2583,"13,479.00",0,"-2,505.00",,,,,,,,,,,,,,,,
24/03/2022,RTN/CLG/000782/Funds Insufficient/SAROJINITRADERS,24/03/2022,2584,0,"13,479.00","10,974.00",,,,,,,,,,,,,,,,
24/03/2022,RTN/CHRGS/CLG/000782/Funds Insufficient/,24/03/2022,2585,590,0,"10,384.00",,,,,,,,,,,,,,,,
24/03/2022,CLG/000792/VENLITE  INDIA  PVT LTD,24/03/2022,792,"3,113.00",0,"7,271.00",,,,,,,,,,,,,,,,
24/03/2022,"DEPOSIT-IMPS/208313573035/SELVAKUMARBAALU/Axis Bank/XXXXXXXX0014/,24/03/2022-130",24/03/2022,2589,0,"10,000.00","17,271.00",,,,,,,,,,,,,,,,
24/03/2022,CASH/1753/SELF,24/03/2022,2590,0,"8,000.00","25,271.00",,,,,,,,,,,,,,,,
25/03/2022,WDL-IMPS/208410003576/SELVAKUMAR BAALU/UTIB0000676/XXXXXXXXXXX6311/,25/03/2022,2591,"24,000.00",0,"1,271.00",,,,,,,,,,,,,,,,
25/03/2022,DEPOSIT-IMPS/208411762818/CHEERS RETAIL PRIVAT/ICICI Bank/XXXXXXXX0014/crplici2b,25/03/2022,2592,0,"50,000.00","51,271.00",,,,,,,,,,,,,,,,
25/03/2022,CLG/000780/SAIRAM MARKETING,25/03/2022,780,"35,852.00",0,"15,419.00",,,,,,,,,,,,,,,,
25/03/2022,"DEPOSIT-IMPS/208412690456/SELVAKUMARBAALU/Axis Bank/XXXXXXXX0014/,25/03/2022-125",25/03/2022,2596,0,"15,000.00","30,419.00",,,,,,,,,,,,,,,,
25/03/2022,CASH/1753/SELF,25/03/2022,2597,0,"7,345.00","37,764.00",,,,,,,,,,,,,,,,
25/03/2022,CASH/1753/SELF,25/03/2022,2598,0,"10,452.00","48,216.00",,,,,,,,,,,,,,,,
25/03/2022,CLG/000703/ZARAH DISTRIBUTORS LLP,25/03/2022,703,"28,000.00",0,"20,216.00",,,,,,,,,,,,,,,,
25/03/2022,CLG/000777/R V S S ENTERPRISES,25/03/2022,777,"1,232.00",0,"18,984.00",,,,,,,,,,,,,,,,
25/03/2022,WDL-IMPS/208413007118/SELVAKUMAR BAALU/UTIB0000676/XXXXXXXXXXX6311/,25/03/2022,2605,"18,000.00",0,984,,,,,,,,,,,,,,,,
26/03/2022,Recovery of CLG/000727/VENKATESHWARA HATCHERIES - 22/03/22,26/03/2022,2607,590,0,394,,,,,,,,,,,,,,,,
28/03/2022,DEPOSIT-IMPS/208711319710/CHEERS RETAIL PRIVAT/ICICI Bank/XXXXXXXX0014/icic2band,28/03/2022,2608,0,"40,000.00","40,394.00",,,,,,,,,,,,,,,,
28/03/2022,"DEPOSIT-IMPS/208712619494/SELVAKUMARBAALU/Axis Bank/XXXXXXXX0014/,28/03/2022-121",28/03/2022,2613,0,"75,000.00","1,15,394.00",,,,,,,,,,,,,,,,
28/03/2022,CLG/000694/MC ENTERPRISES,28/03/2022,694,"9,097.00",0,"1,06,297.00",,,,,,,,,,,,,,,,
28/03/2022,CLG/000715/ELA FOODS AND SNACKS PVT,28/03/2022,715,"2,581.00",0,"1,03,716.00",,,,,,,,,,,,,,,,
28/03/2022,CLG/000736/SUPREME AGENCIES,28/03/2022,736,"9,300.00",0,"94,416.00",,,,,,,,,,,,,,,,
28/03/2022,CLG/000791/V ENTERPRISES,28/03/2022,791,"8,548.00",0,"85,868.00",,,,,,,,,,,,,,,,
28/03/2022,CASH/1841/SELF,28/03/2022,2622,0,"7,000.00","92,868.00",,,,,,,,,,,,,,,,
28/03/2022,CLG/000803/CRYSTALENTERPRISES,28/03/2022,803,"20,030.00",0,"72,838.00",,,,,,,,,,,,,,,,
28/03/2022,CLG/000758/DHARSHAN FRUITS AND VEGE,28/03/2022,758,"36,478.00",0,"36,360.00",,,,,,,,,,,,,,,,
28/03/2022,CLG/000818/RHINO SENTINEL AND ALLIE,28/03/2022,818,"30,000.00",0,"6,360.00",,,,,,,,,,,,,,,,
29/03/2022,DEPOSIT-IMPS/208811927619/CHEERS RETAIL PRIVAT/ICICI Bank/XXXXXXXX0014/icic2band,29/03/2022,2633,0,"28,000.00","34,360.00",,,,,,,,,,,,,,,,
29/03/2022,CLG/000771/LAUNCHPAD CONSUMER PRODU,29/03/2022,771,"4,813.00",0,"29,547.00",,,,,,,,,,,,,,,,
29/03/2022,"DEPOSIT-IMPS/208812837028/SELVAKUMARBAALU/Axis Bank/XXXXXXXX0014/,29/03/2022-121",29/03/2022,2636,0,"35,000.00","64,547.00",,,,,,,,,,,,,,,,
29/03/2022,CASH/1841/SELF,29/03/2022,2637,0,"17,000.00","81,547.00",,,,,,,,,,,,,,,,
29/03/2022,CASH/1841/SELF,29/03/2022,2638,0,"28,000.00","1,09,547.00",,,,,,,,,,,,,,,,
29/03/2022,"DEPOSIT-IMPS/208812996590/SELVAKUMARBAALU/Axis Bank/XXXXXXXX0014/,29/03/2022-125",29/03/2022,2639,0,"5,000.00","1,14,547.00",,,,,,,,,,,,,,,,
29/03/2022,CLG/000699/SRI KAILASH AND SONS,29/03/2022,699,"15,457.00",0,"99,090.00",,,,,,,,,,,,,,,,
29/03/2022,CLG/000753/ARCHANA TRADING,29/03/2022,753,"16,200.00",0,"82,890.00",,,,,,,,,,,,,,,,
29/03/2022,CLG/000766/INTELLIGENT RETAIL PRIVAT,29/03/2022,766,"18,259.00",0,"64,631.00",,,,,,,,,,,,,,,,
29/03/2022,CLG/000768/JAIN MARKETING,29/03/2022,768,"10,561.00",0,"54,070.00",,,,,,,,,,,,,,,,
29/03/2022,CLG/000789/SRINIVASA AGENCIES,29/03/2022,789,"7,225.00",0,"46,845.00",,,,,,,,,,,,,,,,
29/03/2022,CLG/000807/hygrevar enterprises pri,29/03/2022,807,"12,024.00",0,"34,821.00",,,,,,,,,,,,,,,,
29/03/2022,CLG/000809/ESQUIRE,29/03/2022,809,"20,138.00",0,"14,683.00",,,,,,,,,,,,,,,,
29/03/2022,CLG/000810/ESQUIRE,29/03/2022,810,"4,539.00",0,"10,144.00",,,,,,,,,,,,,,,,
29/03/2022,CLG/000816/RIKHAB TRADING COMPANY R,29/03/2022,816,"9,150.00",0,994,,,,,,,,,,,,,,,,
30/03/2022,CASH/1753/SELF,30/03/2022,2667,0,"13,610.00","14,604.00",,,,,,,,,,,,,,,,
30/03/2022,CASH/1753/SELF,30/03/2022,2668,0,"17,870.00","32,474.00",,,,,,,,,,,,,,,,
30/03/2022,CLG/000751/AMMAN ENTERPRISES,30/03/2022,751,"14,725.00",0,"17,749.00",,,,,,,,,,,,,,,,
30/03/2022,CLG/000786/SRI VIGNESHWAR AGENCIES,30/03/2022,786,"4,355.00",0,"13,394.00",,,,,,,,,,,,,,,,
30/03/2022,CLG/000793/VIRUKHSHAM,30/03/2022,793,"10,433.00",0,"2,961.00",,,,,,,,,,,,,,,,
30/03/2022,DEPOSIT-IMPS/208912027699/CHEERS RETAIL PRIVAT/ICICI Bank/XXXXXXXX0014/crplicic2,30/03/2022,2678,0,"13,500.00","16,461.00",,,,,,,,,,,,,,,,
30/03/2022,"DEPOSIT-IMPS/208912149938/CHEERS RETAIL PRIVAT/ICICI Bank/XXXXXXXX0014/crplband,",30/03/2022,2679,0,"7,000.00","23,461.00",,,,,,,,,,,,,,,,
30/03/2022,CLG/000794/SRI SAI SANJEEV AGENCIES,30/03/2022,794,"18,711.00",0,"4,750.00",,,,,,,,,,,,,,,,
30/03/2022,RTN/CLG/000808/Funds Insufficient/HYGREVER ENTERPRISES PRI,30/03/2022,2683,"10,000.00",0,"-5,250.00",,,,,,,,,,,,,,,,
30/03/2022,RTN/CLG/000808/Funds Insufficient/HYGREVER ENTERPRISES PRI,30/03/2022,2684,0,"10,000.00","4,750.00",,,,,,,,,,,,,,,,
30/03/2022,RTN/CHRGS/CLG/000808/Funds Insufficient/,30/03/2022,2685,590,0,"4,160.00",,,,,,,,,,,,,,,,
30/03/2022,CASH/1753/SELF,30/03/2022,2686,0,"7,000.00","11,160.00",,,,,,,,,,,,,,,,
31/03/2022,CLG/000385/SHREE MAHALAKSHMI ENTERP,31/03/2022,385,"3,331.00",0,"7,829.00",,,,,,,,,,,,,,,,
31/03/2022,CLG/000756/BABA ENTERPRISES,31/03/2022,756,"1,824.00",0,"6,005.00",,,,,,,,,,,,,,,,
31/03/2022,CLG/000767/JAI BAJRANG BALI AGENCIES,31/03/2022,767,"3,246.00",0,"2,759.00",,,,,,,,,,,,,,,,
31/03/2022,"DEPOSIT-IMPS/209011269825/CHEERS RETAIL PRIVAT/ICICI Bank/XXXXXXXX0014/ici2band,",31/03/2022,2696,0,"17,000.00","19,759.00",,,,,,,,,,,,,,,,
31/03/2022,CASH/1841/SELF,31/03/2022,2698,0,"20,000.00","39,759.00",,,,,,,,,,,,,,,,
31/03/2022,CLG/000784/SRI MAHALAKSHMI TRADERS,31/03/2022,784,"18,691.00",0,"21,068.00",,,,,,,,,,,,,,,,
31/03/2022,"DEPOSIT-IMPS/209012909616/SELVAKUMARBAALU/Axis Bank/XXXXXXXX0014/,31/03/2022-122",31/03/2022,2701,0,"20,000.00","41,068.00",,,,,,,,,,,,,,,,
31/03/2022,CASH/1841/SELF,31/03/2022,2703,0,"7,000.00","48,068.00",,,,,,,,,,,,,,,,
31/03/2022,CLG/000774/NAZARENE TRADERS,31/03/2022,774,"27,144.00",0,"20,924.00",,,,,,,,,,,,,,,,
31/03/2022,CASH/1753/SELF,31/03/2022,2706,0,"10,000.00","30,924.00",,,,,,,,,,,,,,,,
31/03/2022,DEPOSIT-IMPS/209012310112/N P RAJESHWARAN/South Indian Bank/XXXXXXXX0014/MB NPR,31/03/2022,2707,0,"46,000.00","76,924.00",,,,,,,,,,,,,,,,
31/03/2022,"DEPOSIT-IMPS/209012100582/SELVAKUMARBAALU/Axis Bank/XXXXXXXX0014/,31/03/2022-125",31/03/2022,2708,0,"5,000.00","81,924.00",,,,,,,,,,,,,,,,
31/03/2022,CLG/000579/SRI JAYALAKSHMI ENTERPRI,31/03/2022,579,"15,741.00",0,"66,183.00",,,,,,,,,,,,,,,,
31/03/2022,CLG/000749/A G AGENCIES,31/03/2022,749,"21,951.00",0,"44,232.00",,,,,,,,,,,,,,,,
31/03/2022,CLG/000761/DANISH ENTERPRISES,31/03/2022,761,"10,643.00",0,"33,589.00",,,,,,,,,,,,,,,,
31/03/2022,CLG/000773/NATURE NEST IMPEX,31/03/2022,773,"8,886.00",0,"24,703.00",,,,,,,,,,,,,,,,
31/03/2022,CLG/000787/SRI VINAYAGA AGENCIES,31/03/2022,787,"9,115.00",0,"15,588.00",,,,,,,,,,,,,,,,
31/03/2022,CLG/000812/MEHTA  AGENCIES,31/03/2022,812,"14,386.00",0,"1,202.00",,,,,,,,,,,,,,,,
31/03/2022,MAB Charge for the period March,31/03/2022,2727,"1,180.00",0,22,,,,,,,,,,,,,,,,
02/04/2022,DEPOSIT-IMPS/209210631551/CHEERS RETAIL PRIVAT/ICICI Bank/XXXXXXXX0014/crplicic2,02/04/2022,2728,0,"41,000.00","41,022.00",,,,,,,,,,,,,,,,
02/04/2022,DEPOSIT-IMPS/209210708038/CHEERS RETAIL PRIVAT/ICICI Bank/XXXXXXXX0014/icic2band,02/04/2022,2729,0,"12,000.00","53,022.00",,,,,,,,,,,,,,,,
02/04/2022,CLG/000760/BROTHERS TRADING,02/04/2022,760,"10,378.00",0,"42,644.00",,,,,,,,,,,,,,,,
02/04/2022,CLG/000769/KAMAKSHI ENTERPRISES,02/04/2022,769,"4,705.00",0,"37,939.00",,,,,,,,,,,,,,,,
02/04/2022,CLG/000779/SAKTHI ENTERPRISES,02/04/2022,779,"11,100.00",0,"26,839.00",,,,,,,,,,,,,,,,
02/04/2022,CLG/000782/SAROJINITRADERS,02/04/2022,782,"13,479.00",0,"13,360.00",,,,,,,,,,,,,,,,
02/04/2022,CLG/000785/SRI MUTHAALAMMAN TRADER,02/04/2022,785,"7,220.00",0,"6,140.00",,,,,,,,,,,,,,,,
02/04/2022,CLG/000796/NEWEMJAAYENTERPRISES,02/04/2022,796,"3,840.00",0,"2,300.00",,,,,,,,,,,,,,,,
04/04/2022,Stop Payment Charges,04/04/2022,2749,118,0,"2,182.00",,,,,,,,,,,,,,,,
05/04/2022,DEPOSIT-IMPS/209510176749/CHEERS RETAIL PRIVAT/ICICI Bank/XXXXXXXX0014/icic2band,05/04/2022,2750,0,"63,000.00","65,182.00",,,,,,,,,,,,,,,,
05/04/2022,CLG/000716/BULLOCKCARTDELIVERIE,05/04/2022,716,"3,781.00",0,"61,401.00",,,,,,,,,,,,,,,,
05/04/2022,CLG/000797/SRI JEET TRADERS,05/04/2022,797,"30,000.00",0,"31,401.00",,,,,,,,,,,,,,,,
05/04/2022,CLG/000798/SRI JEET TRADERS,05/04/2022,798,"27,000.00",0,"4,401.00",,,,,,,,,,,,,,,,
05/04/2022,CASH/1753/SELF,05/04/2022,2760,0,"10,512.00","14,913.00",,,,,,,,,,,,,,,,
05/04/2022,CASH/1753/SELF,05/04/2022,2761,0,"18,239.00","33,152.00",,,,,,,,,,,,,,,,
05/04/2022,CASH/1841/SELF,05/04/2022,2762,0,"36,000.00","69,152.00",,,,,,,,,,,,,,,,
05/04/2022,DEPOSIT-IMPS/209512756812/CHEERS RETAIL PRIVAT/ICICI Bank/XXXXXXXX0014/crplici2b,05/04/2022,2763,0,"10,000.00","79,152.00",,,,,,,,,,,,,,,,
05/04/2022,CLG/000730/M.M.B ENTERPRISES,05/04/2022,730,"13,373.00",0,"65,779.00",,,,,,,,,,,,,,,,
05/04/2022,CLG/000808/HYGREVAR ENTERPRISES PRI,05/04/2022,808,"10,000.00",0,"55,779.00",,,,,,,,,,,,,,,,
05/04/2022,CLG/000821/SHREE VALLIAMMAN GARMENT,05/04/2022,821,"13,755.00",0,"42,024.00",,,,,,,,,,,,,,,,
05/04/2022,CLG/000804/DHARSHAN FRUITS AND VEGE,05/04/2022,804,"31,635.00",0,"10,389.00",,,,,,,,,,,,,,,,
05/04/2022,RTN/CLG/000781/Funds Insufficient/SAIRAM MARKETING,05/04/2022,2776,"35,000.00",0,"-24,611.00",,,,,,,,,,,,,,,,
05/04/2022,RTN/CLG/000781/Funds Insufficient/SAIRAM MARKETING,05/04/2022,2777,0,"35,000.00","10,389.00",,,,,,,,,,,,,,,,
05/04/2022,RTN/CHRGS/CLG/000781/Funds Insufficient/,05/04/2022,2778,590,0,"9,799.00",,,,,,,,,,,,,,,,
06/04/2022,CASH/1753/SELF,06/04/2022,2781,0,"7,829.00","17,628.00",,,,,,,,,,,,,,,,
06/04/2022,CASH/1753/SELF,06/04/2022,2782,0,"10,011.00","27,639.00",,,,,,,,,,,,,,,,
06/04/2022,CLG/000735/CHETTIAR AND CO,06/04/2022,735,"2,596.00",0,"25,043.00",,,,,,,,,,,,,,,,
06/04/2022,CLG/000801/SAFE  HARVEST  PVT LTD,06/04/2022,801,"4,794.00",0,"20,249.00",,,,,,,,,,,,,,,,
06/04/2022,DEPOSIT-IMPS/209611489758/CHEERS RETAIL PRIVAT/ICICI Bank/XXXXXXXX0014/crpl2band,06/04/2022,2787,0,"20,700.00","40,949.00",,,,,,,,,,,,,,,,
06/04/2022,CASH/1753/SELF,06/04/2022,2790,0,"8,000.00","48,949.00",,,,,,,,,,,,,,,,
06/04/2022,CLG/000799/SRI JEET TRADERS,06/04/2022,799,"26,235.00",0,"22,714.00",,,,,,,,,,,,,,,,
06/04/2022,CLG/000788/SHRI YASANAH ENTERPRISE,06/04/2022,788,"3,060.00",0,"19,654.00",,,,,,,,,,,,,,,,
06/04/2022,CLG/000698/SRI KAILASH AND SONS,06/04/2022,698,"13,000.00",0,"6,654.00",,,,,,,,,,,,,,,,
06/04/2022,CLG/000811/SAFE  HARVEST  P LTD,06/04/2022,811,"6,280.00",0,374,,,,,,,,,,,,,,,,
06/04/2022,RTN/CLG/000823/Funds Insufficient/SAKTHI ENTERPRISES,06/04/2022,2802,"18,520.00",0,"-18,146.00",,,,,,,,,,,,,,,,
06/04/2022,RTN/CLG/000823/Funds Insufficient/SAKTHI ENTERPRISES,06/04/2022,2803,0,"18,520.00",374,,,,,,,,,,,,,,,,
07/04/2022,DEPOSIT-IMPS/209711074556/CHEERS RETAIL PRIVAT/ICICI Bank/XXXXXXXX0014/crplici2b,07/04/2022,2804,0,"21,000.00","21,374.00",,,,,,,,,,,,,,,,
07/04/2022,CASH/1753/SELF,07/04/2022,2805,0,"8,677.00","30,051.00",,,,,,,,,,,,,,,,
07/04/2022,CASH/1753/SELF,07/04/2022,2806,0,"14,788.00","44,839.00",,,,,,,,,,,,,,,,
07/04/2022,CLG/000829/BABA ENTERPRISES,07/04/2022,829,"3,420.00",0,"41,419.00",,,,,,,,,,,,,,,,
07/04/2022,CLG/000841/VINAYAGA AGENCY,07/04/2022,841,"15,976.00",0,"25,443.00",,,,,,,,,,,,,,,,
07/04/2022,GURUSAMY S,07/04/2022,824,"5,000.00",0,"20,443.00",,,,,,,,,,,,,,,,
08/04/2022,CLG/000814/MEHTA  AGENCIES,08/04/2022,814,"8,575.00",0,"11,868.00",,,,,,,,,,,,,,,,
08/04/2022,CLG/000836/LAUNCHPAD CONSUMER PRODU,08/04/2022,836,"8,302.00",0,"3,566.00",,,,,,,,,,,,,,,,
08/04/2022,DEPOSIT-IMPS/209812564469/CHEERS RETAIL PRIVAT/ICICI Bank/XXXXXXXX0014/crplicic2,08/04/2022,2820,0,"62,000.00","65,566.00",,,,,,,,,,,,,,,,
08/04/2022,CLG/000844/DIVYA AG ANILKUMA KARTHIK,08/04/2022,844,"7,509.00",0,"58,057.00",,,,,,,,,,,,,,,,
08/04/2022,CLG/000849/RAMAGENCIES,44659,849,13695,0,44362,,,,,,,,,,,,,,,,
08/04/2022,CLG/000850/MEHTA  AGENCIES,44659,850,12409,0,31953,,,,,,,,,,,,,,,,
08/04/2022,CLG/000851/VINAYAGA AGENCY,44659,851,6504,0,25449,,,,,,,,,,,,,,,,
08/04/2022,CLG/000852/CORTEX ENTERPRISES,44659,852,9575,0,15874,,,,,,,,,,,,,,,,
09/04/2022,Recovery of RTN/CHRGS/CLG/000823/Funds Insufficient/ - 06/04/22,09/04/2022,2837,590,0,"15,284.00",,,,,,,,,,,,,,,,
10/04/2022,WDL-IMPS/210020009238/SELVAKUMAR BAALU/UTIB0000676/XXXXXXXXXXX6311/,10/04/2022,2838,"10,000.00",0,"5,284.00",,,,,,,,,,,,,,,,
11/04/2022,CASH/1753/SELF,11/04/2022,2840,0,"1,840.00","7,124.00",,,,,,,,,,,,,,,,
11/04/2022,CASH/1753/SELF,11/04/2022,2841,0,"10,417.00","17,541.00",,,,,,,,,,,,,,,,
11/04/2022,CLG/000857/R V S S ENTERPRISES,11/04/2022,857,"2,583.00",0,"14,958.00",,,,,,,,,,,,,,,,
11/04/2022,CASH/1753/SELF,11/04/2022,2844,0,"15,997.00","30,955.00",,,,,,,,,,,,,,,,
11/04/2022,"DEPOSIT-IMPS/210112039671/SELVAKUMARBAALU/Axis Bank/XXXXXXXX0014/,11/04/2022-123",11/04/2022,2845,0,"1,00,000.00","1,30,955.00",,,,,,,,,,,,,,,,
11/04/2022,DEPOSIT-IMPS/210112728671/CHEERS RETAIL PRIVAT/ICICI Bank/XXXXXXXX0014/icic2band,11/04/2022,2846,0,"18,500.00","1,49,455.00",,,,,,,,,,,,,,,,
11/04/2022,CLG/000757/BENANI FOODS PRIVATE LIMI,11/04/2022,757,"6,844.00",0,"1,42,611.00",,,,,,,,,,,,,,,,
11/04/2022,CLG/000781/SAIRAM MARKETING,11/04/2022,781,"35,000.00",0,"1,07,611.00",,,,,,,,,,,,,,,,
11/04/2022,CLG/000815/MEHTA  AGENCIES,11/04/2022,815,"8,970.00",0,"98,641.00",,,,,,,,,,,,,,,,
11/04/2022,CLG/000817/RIKHAB TRADING COMPANY R,11/04/2022,817,"28,590.00",0,"70,051.00",,,,,,,,,,,,,,,,
11/04/2022,CLG/000823/SAKTHI ENTERPRISES,11/04/2022,823,"18,520.00",0,"51,531.00",,,,,,,,,,,,,,,,
11/04/2022,CLG/000854/SAROJINITRADERS,11/04/2022,854,"7,287.00",0,"44,244.00",,,,,,,,,,,,,,,,
11/04/2022,WDL-IMPS/210123021376/JYOTHI A/HDFC0001216/XXXXXXXXXX9136/,11/04/2022,2865,"35,000.00",0,"9,244.00",,,,,,,,,,,,,,,,
12/04/2022,CASH/1753/SELF,12/04/2022,2866,0,"7,420.00","16,664.00",,,,,,,,,,,,,,,,
12/04/2022,CASH/1753/SELF,12/04/2022,2867,0,"13,795.00","30,459.00",,,,,,,,,,,,,,,,
12/04/2022,CLG/000835/SUPREME AGENCIES,12/04/2022,835,"8,751.00",0,"21,708.00",,,,,,,,,,,,,,,,
12/04/2022,CLG/000838/KAVYAENTERPRISES,12/04/2022,838,"2,380.00",0,"19,328.00",,,,,,,,,,,,,,,,
12/04/2022,CLG/000839/SRI NANDHA FOODS,12/04/2022,839,"3,480.00",0,"15,848.00",,,,,,,,,,,,,,,,
12/04/2022,CLG/000862/AMALGAMFROZENFOODSP,12/04/2022,862,"14,103.00",0,"1,745.00",,,,,,,,,,,,,,,,
12/04/2022,DEPOSIT-IMPS/210212209997/CHEERS RETAIL PRIVAT/ICICI Bank/XXXXXXXX0014/crplic2ba,12/04/2022,2880,0,"26,000.00","27,745.00",,,,,,,,,,,,,,,,
12/04/2022,"DEPOSIT-IMPS/210212669178/SELVAKUMARBAALU/Axis Bank/XXXXXXXX0014/,12/04/2022-121",12/04/2022,2881,0,"10,000.00","37,745.00",,,,,,,,,,,,,,,,
12/04/2022,"DEPOSIT-IMPS/210212808419/SELVAKUMARBAALU/Axis Bank/XXXXXXXX0014/,12/04/2022-124",12/04/2022,2882,0,"21,000.00","58,745.00",,,,,,,,,,,,,,,,
12/04/2022,CLG/000864/A R ENTERPRISES,12/04/2022,864,"5,033.00",0,"53,712.00",,,,,,,,,,,,,,,,
12/04/2022,CLG/000865/SRI SAI ENTERPRISES,12/04/2022,865,"7,406.00",0,"46,306.00",,,,,,,,,,,,,,,,
12/04/2022,CLG/000866/SAROJINITRADERS,12/04/2022,866,"6,971.00",0,"39,335.00",,,,,,,,,,,,,,,,
12/04/2022,CLG/000894/DIAMOND ENTERPRISES,12/04/2022,894,"6,425.00",0,"32,910.00",,,,,,,,,,,,,,,,
12/04/2022,CLG/000899/SE CEDC CENTRAL,12/04/2022,899,"21,070.00",0,"11,840.00",,,,,,,,,,,,,,,,
12/04/2022,TRF/1841/000596/Mr. S GURUSAMY,12/04/2022,596,"9,010.00",0,"2,830.00",,,,,,,,,,,,,,,,
13/04/2022,CASH/1753/SELF,13/04/2022,2899,0,"10,959.00","13,789.00",,,,,,,,,,,,,,,,
13/04/2022,CASH/1753/SELF,13/04/2022,2900,0,"8,533.00","22,322.00",,,,,,,,,,,,,,,,
13/04/2022,CLG/000840/VIRUKHSHAM,13/04/2022,840,"5,839.00",0,"16,483.00",,,,,,,,,,,,,,,,
13/04/2022,CLG/000845/DIVYA agency,13/04/2022,845,"7,208.00",0,"9,275.00",,,,,,,,,,,,,,,,
13/04/2022,DEPOSIT-IMPS/210312640178/CHEERS RETAIL PRIVAT/ICICI Bank/XXXXXXXX0014/icic2band,13/04/2022,2907,0,"33,000.00","42,275.00",,,,,,,,,,,,,,,,
13/04/2022,CASH/1841/SELF,13/04/2022,2908,0,"5,000.00","47,275.00",,,,,,,,,,,,,,,,
13/04/2022,DEPOSIT-IMPS/210312781665/CHEERS RETAIL PRIVAT/ICICI Bank/XXXXXXXX0014/icic2band,13/04/2022,2909,0,"23,300.00","70,575.00",,,,,,,,,,,,,,,,
13/04/2022,CLG/000847/SRI IYYAPPAN ENTERPRISES,13/04/2022,847,"13,000.00",0,"57,575.00",,,,,,,,,,,,,,,,
13/04/2022,CLG/000848/SRI IYYAPPAN ENTERPRISES,13/04/2022,848,"14,004.00",0,"43,571.00",,,,,,,,,,,,,,,,
13/04/2022,CLG/000859/SAOA,13/04/2022,859,"18,850.00",0,"24,721.00",,,,,,,,,,,,,,,,
13/04/2022,CLG/000872/GEETHA AGENCIES,13/04/2022,872,"21,059.00",0,"3,662.00",,,,,,,,,,,,,,,,
14/04/2022,DEPOSIT-IMPS/210408261064/CHEERS RETAIL PRIVAT/ICICI Bank/XXXXXXXX0014/crpl band,14/04/2022,2922,0,"22,000.00","25,662.00",,,,,,,,,,,,,,,,
14/04/2022,"DEPOSIT-IMPS/210408143221/SELVAKUMARBAALU/Axis Bank/XXXXXXXX0014/,14/04/2022-084",14/04/2022,2923,0,"2,00,000.00","2,25,662.00",,,,,,,,,,,,,,,,
14/04/2022,WDL-IMPS/210414008498/SELVAKUMAR BAALU/UTIB0000676/XXXXXXXXXXX6311/,14/04/2022,2924,"1,00,000.00",0,"1,25,662.00",,,,,,,,,,,,,,,,
14/04/2022,WTHDRL NEFT/BDBLH22900329553/AXIS BANK/UTIB0000676/SELVAKUMAR BAALU,14/04/2022,2925,"1,10,000.00",0,"15,662.00",,,,,,,,,,,,,,,,
16/04/2022,CASH/1753/SELF,16/04/2022,2926,0,"13,410.00","29,072.00",,,,,,,,,,,,,,,,
16/04/2022,CASH/1753/SELF,16/04/2022,2927,0,"9,154.00","38,226.00",,,,,,,,,,,,,,,,
16/04/2022,CLG/000572/YAKULT DANONE INDIA PVT,16/04/2022,572,"2,814.00",0,"35,412.00",,,,,,,,,,,,,,,,
16/04/2022,CLG/000729/YAKULT DANONE INDIA PVT,16/04/2022,729,"1,904.00",0,"33,508.00",,,,,,,,,,,,,,,,
16/04/2022,CLG/000828/A G AGENCIES,16/04/2022,828,"3,917.00",0,"29,591.00",,,,,,,,,,,,,,,,
16/04/2022,CLG/000830/SAIRAM MARKETING,16/04/2022,830,"22,000.00",0,"7,591.00",,,,,,,,,,,,,,,,
16/04/2022,CLG/000861/YAKULT DANONE INDIA PVT,16/04/2022,861,"3,931.00",0,"3,660.00",,,,,,,,,,,,,,,,
16/04/2022,CLG/000876/SUN AGRO COM RESOURCES,16/04/2022,876,"3,612.00",0,48,,,,,,,,,,,,,,,,
16/04/2022,DEPOSIT-IMPS/210612660138/CHEERS RETAIL PRIVAT/ICICI Bank/XXXXXXXX0014/icic2band,16/04/2022,2946,0,"53,500.00","53,548.00",,,,,,,,,,,,,,,,
16/04/2022,CLG/000875/CRYSTALENTERPRISES,16/04/2022,875,"5,352.00",0,"48,196.00",,,,,,,,,,,,,,,,
16/04/2022,CLG/000882/THE BARN,16/04/2022,882,"5,940.00",0,"42,256.00",,,,,,,,,,,,,,,,
16/04/2022,CASH/1841/SELF,16/04/2022,2954,0,"55,000.00","97,256.00",,,,,,,,,,,,,,,,
16/04/2022,CASH/1753/SELF,16/04/2022,2955,0,"10,000.00","1,07,256.00",,,,,,,,,,,,,,,,
16/04/2022,"DEPOSIT-IMPS/210612351461/SELVAKUMARBAALU/Axis Bank/XXXXXXXX0014/,16/04/2022-125",16/04/2022,2956,0,"23,000.00","1,30,256.00",,,,,,,,,,,,,,,,
16/04/2022,"DEPOSIT-IMPS/210612374346/SELVAKUMARBAALU/Axis Bank/XXXXXXXX0014/,16/04/2022-125",16/04/2022,2957,0,"15,000.00","1,45,256.00",,,,,,,,,,,,,,,,
16/04/2022,"DEPOSIT-IMPS/210612850611/CHEERS RETAIL PRIVAT/ICICI Bank/XXXXXXXX0014/ici2band,",16/04/2022,2958,0,"6,500.00","1,51,756.00",,,,,,,,,,,,,,,,
16/04/2022,CLG/000831/SAIRAM MARKETING,16/04/2022,831,"22,000.00",0,"1,29,756.00",,,,,,,,,,,,,,,,
16/04/2022,CLG/000832/SAIRAM MARKETING,16/04/2022,832,"22,000.00",0,"1,07,756.00",,,,,,,,,,,,,,,,
16/04/2022,CLG/000833/SAIRAM MARKETING,16/04/2022,833,"22,978.00",0,"84,778.00",,,,,,,,,,,,,,,,
16/04/2022,CLG/000860/H AND S DISTRIBUTORS,16/04/2022,860,"21,970.00",0,"62,808.00",,,,,,,,,,,,,,,,
16/04/2022,CLG/000870/NATURE NEST IMPEX,16/04/2022,870,"4,237.00",0,"58,571.00",,,,,,,,,,,,,,,,
16/04/2022,CLG/000871/ESQUIRE,16/04/2022,871,"15,740.00",0,"42,831.00",,,,,,,,,,,,,,,,
16/04/2022,CLG/000873/JAINMARKETING,16/04/2022,873,"15,647.00",0,"27,184.00",,,,,,,,,,,,,,,,
16/04/2022,RTN/CLG/000874/Funds Insufficient/DHARSHAN FRUIT AND VEGET,16/04/2022,2980,"29,299.00",0,"-2,115.00",,,,,,,,,,,,,,,,
16/04/2022,RTN/CLG/000874/Funds Insufficient/DHARSHAN FRUIT AND VEGET,16/04/2022,2981,0,"29,299.00","27,184.00",,,,,,,,,,,,,,,,
16/04/2022,RTN/CHRGS/CLG/000874/Funds Insufficient/,16/04/2022,2982,590,0,"26,594.00",,,,,,,,,,,,,,,,
16/04/2022,CLG/000877/VINAYAGA AGENCY,16/04/2022,877,"2,880.00",0,"23,714.00",,,,,,,,,,,,,,,,
16/04/2022,CLG/000879/BULLOCKCARTDELIVERIE,16/04/2022,879,"14,456.00",0,"9,258.00",,,,,,,,,,,,,,,,
16/04/2022,CLG/000881/LAUNCHPAD CONSUMER PRODU,16/04/2022,881,"9,043.00",0,215,,,,,,,,,,,,,,,,
16/04/2022,RTN/CLG/000883/Funds Insufficient/THE BARN,16/04/2022,2993,"3,010.00",0,"-2,795.00",,,,,,,,,,,,,,,,
16/04/2022,RTN/CLG/000883/Funds Insufficient/THE BARN,16/04/2022,2994,0,"3,010.00",215,,,,,,,,,,,,,,,,
17/04/2022,Recovery of RTN/CHRGS/CLG/000883/Funds Insufficient/ - 16/04/22,17/04/2022,2998,215,0,0,,,,,,,,,,,,,,,,
18/04/2022,CASH/1841/SELF,18/04/2022,3000,0,"7,200.00","7,200.00",,,,,,,,,,,,,,,,
18/04/2022,DEPOSIT-IMPS/210812667401/CHEERS RETAIL PRIVAT/ICICI Bank/XXXXXXXX0014/icic2band,18/04/2022,3002,0,"14,300.00","21,500.00",,,,,,,,,,,,,,,,
18/04/2022,CLG/000890/SAOA,18/04/2022,890,"5,238.00",0,"16,262.00",,,,,,,,,,,,,,,,
18/04/2022,"DEPOSIT-IMPS/210812876149/SELVAKUMARBAALU/Axis Bank/XXXXXXXX0014/,18/04/2022-123",18/04/2022,3005,0,"42,000.00","58,262.00",,,,,,,,,,,,,,,,
18/04/2022,"DEPOSIT-IMPS/210812945713/SELVAKUMARBAALU/Axis Bank/XXXXXXXX0014/,18/04/2022-124",18/04/2022,3006,0,"6,000.00","64,262.00",,,,,,,,,,,,,,,,
18/04/2022,"DEPOSIT-IMPS/210812954051/SELVAKUMARBAALU/Axis Bank/XXXXXXXX0014/,18/04/2022-125",18/04/2022,3007,0,"14,000.00","78,262.00",,,,,,,,,,,,,,,,
18/04/2022,CLG/000820/RHINO SENTINEL AND ALLIE,18/04/2022,820,"13,810.00",0,"64,452.00",,,,,,,,,,,,,,,,
18/04/2022,CLG/000867/H AND S DISTRIBUTORS,18/04/2022,867,"20,000.00",0,"44,452.00",,,,,,,,,,,,,,,,
18/04/2022,CLG/000885/HARRINGTON,18/04/2022,885,"18,973.00",0,"25,479.00",,,,,,,,,,,,,,,,
18/04/2022,CLG/000891/RAJAMMAL ENTERPRISES,18/04/2022,891,"10,393.00",0,"15,086.00",,,,,,,,,,,,,,,,
18/04/2022,CLG/000897/MEHTA  AGENCIES,18/04/2022,897,"5,394.00",0,"9,692.00",,,,,,,,,,,,,,,,
18/04/2022,TRF/1841/000889/Mr. S GURUSAMY,18/04/2022,889,"3,480.00",0,"6,212.00",,,,,,,,,,,,,,,,
18/04/2022,TRF/1841/000825/Mr. S GURUSAMY,18/04/2022,825,"4,900.00",0,"1,312.00",,,,,,,,,,,,,,,,
19/04/2022,DEPOSIT-IMPS/210912992830/CHEERS RETAIL PRIVAT/ICICI Bank/XXXXXXXX0014/icic2band,19/04/2022,3025,0,"17,000.00","18,312.00",,,,,,,,,,,,,,,,
19/04/2022,CASH/1841/SELF,19/04/2022,3026,0,"2,500.00","20,812.00",,,,,,,,,,,,,,,,
19/04/2022,DEPOSIT-IMPS/210912097302/CHEERS RETAIL PRIVAT/ICICI Bank/XXXXXXXX0014/icic2band,19/04/2022,3027,0,"17,500.00","38,312.00",,,,,,,,,,,,,,,,
19/04/2022,CLG/000827/ADITHYA CO,19/04/2022,827,"15,900.00",0,"22,412.00",,,,,,,,,,,,,,,,
19/04/2022,CLG/000834/HESPER INDIA ENTERPRISES,19/04/2022,834,"4,860.00",0,"17,552.00",,,,,,,,,,,,,,,,
19/04/2022,CLG/000858/SHRI YASANAH ENTERPRISE,19/04/2022,858,"4,270.00",0,"13,282.00",,,,,,,,,,,,,,,,
19/04/2022,RTN/CLG/000884/Funds Insufficient/INDIA SWEET COMPANY PRIV,19/04/2022,3037,"16,557.00",0,"-3,275.00",,,,,,,,,,,,,,,,
19/04/2022,RTN/CLG/000884/Funds Insufficient/INDIA SWEET COMPANY PRIV,19/04/2022,3038,0,"16,557.00","13,282.00",,,,,,,,,,,,,,,,
19/04/2022,RTN/CHRGS/CLG/000884/Funds Insufficient/,19/04/2022,3039,590,0,"12,692.00",,,,,,,,,,,,,,,,
19/04/2022,CLG/000896/R V ENTERPRISES,19/04/2022,896,"7,888.00",0,"4,804.00",,,,,,,,,,,,,,,,
19/04/2022,"DEPOSIT-IMPS/210913077643/SELVAKUMARBAALU/Axis Bank/XXXXXXXX0014/,19/04/2022-130",19/04/2022,3043,0,"1,00,000.00","1,04,804.00",,,,,,,,,,,,,,,,
19/04/2022,CLG/000819/RHINO SENTINEL AND ALLIE,19/04/2022,819,"27,544.00",0,"77,260.00",,,,,,,,,,,,,,,,
19/04/2022,CLG/000892/GEETHA AGENCIES,19/04/2022,892,"38,991.00",0,"38,269.00",,,,,,,,,,,,,,,,
19/04/2022,RTN/CLG/000900/Funds Insufficient/DHARSHAN FRUIT AND VEGET,19/04/2022,3050,"39,101.00",0,-832,,,,,,,,,,,,,,,,
19/04/2022,RTN/CLG/000900/Funds Insufficient/DHARSHAN FRUIT AND VEGET,19/04/2022,3051,0,"39,101.00","38,269.00",,,,,,,,,,,,,,,,
19/04/2022,RTN/CHRGS/CLG/000900/Funds Insufficient/,19/04/2022,3052,590,0,"37,679.00",,,,,,,,,,,,,,,,
19/04/2022,"DEPOSIT-IMPS/210913085926/SELVAKUMARBAALU/Axis Bank/XXXXXXXX0014/,19/04/2022-130",19/04/2022,3053,0,"20,000.00","57,679.00",,,,,,,,,,,,,,,,
19/04/2022,WDL-IMPS/210913008159/SELVAKUMAR BAALU/UTIB0000676/XXXXXXXXXXX6311/,19/04/2022,3054,"56,000.00",0,"1,679.00",,,,,,,,,,,,,,,,
20/04/2022,CASH/1753/SELF,20/04/2022,3055,0,"16,000.00","17,679.00",,,,,,,,,,,,,,,,
20/04/2022,DEPOSIT-IMPS/211012485955/CHEERS RETAIL PRIVAT/ICICI Bank/XXXXXXXX0014/icic2band,20/04/2022,3056,0,"29,000.00","46,679.00",,,,,,,,,,,,,,,,
20/04/2022,CLG/000880/SHIVA SAI ENTERPRISES PVT,20/04/2022,880,"4,934.00",0,"41,745.00",,,,,,,,,,,,,,,,
20/04/2022,CLG/000895/SRI MUTHAALAMMAN TRADER,20/04/2022,895,"14,906.00",0,"26,839.00",,,,,,,,,,,,,,,,
20/04/2022,CLG/000907/MEHTA  AGENCIES,20/04/2022,907,"12,599.00",0,"14,240.00",,,,,,,,,,,,,,,,
20/04/2022,RTN/CLG/000886/Funds Insufficient/RHINO SENTINEL AND ALLIE,20/04/2022,3066,"30,000.00",0,"-15,760.00",,,,,,,,,,,,,,,,
20/04/2022,RTN/CLG/000886/Funds Insufficient/RHINO SENTINEL AND ALLIE,20/04/2022,3067,0,"30,000.00","14,240.00",,,,,,,,,,,,,,,,
20/04/2022,RTN/CHRGS/CLG/000886/Funds Insufficient/,20/04/2022,3068,590,0,"13,650.00",,,,,,,,,,,,,,,,
21/04/2022,CLG/000846/DURGA ENTERPRISES,21/04/2022,846,"9,382.00",0,"4,268.00",,,,,,,,,,,,,,,,
21/04/2022,CLG/000869/NEWEMJAAYENTERPRISES,21/04/2022,869,"1,440.00",0,"2,828.00",,,,,,,,,,,,,,,,
21/04/2022,CASH/1753/SELF,21/04/2022,3075,0,"10,900.00","13,728.00",,,,,,,,,,,,,,,,
21/04/2022,DEPOSIT-IMPS/211112795569/CHEERS RETAIL PRIVAT/ICICI Bank/XXXXXXXX0014/crplici2b,21/04/2022,3076,0,"21,900.00","35,628.00",,,,,,,,,,,,,,,,
21/04/2022,CASH/1753/SELF,21/04/2022,3077,0,"5,000.00","40,628.00",,,,,,,,,,,,,,,,
21/04/2022,"DEPOSIT-IMPS/211113872762/SELVAKUMARBAALU/Axis Bank/XXXXXXXX0014/,21/04/2022-130",21/04/2022,3078,0,"35,000.00","75,628.00",,,,,,,,,,,,,,,,
21/04/2022,CLG/000874/DHARSHAN FRUIT AND VEGET,21/04/2022,874,"29,299.00",0,"46,329.00",,,,,,,,,,,,,,,,
21/04/2022,CLG/000905/SRI BALA ASSOCIATE SUBRA,21/04/2022,905,"10,992.00",0,"35,337.00",,,,,,,,,,,,,,,,
21/04/2022,CLG/000826/ADITHYA CO,21/04/2022,826,"27,918.00",0,"7,419.00",,,,,,,,,,,,,,,,
21/04/2022,WDL-IMPS/211119014997/SELVAKUMAR BAALU/UTIB0000676/XXXXXXXXXXX6311/,21/04/2022,3088,"6,000.00",0,"1,419.00",,,,,,,,,,,,,,,,
22/04/2022,CASH/1753/SELF,22/04/2022,3089,0,"7,903.00","9,322.00",,,,,,,,,,,,,,,,
22/04/2022,CASH/1753/SELF,22/04/2022,3090,0,"6,600.00","15,922.00",,,,,,,,,,,,,,,,
22/04/2022,CASH/1753/SELF,22/04/2022,3092,0,"10,000.00","25,922.00",,,,,,,,,,,,,,,,
22/04/2022,CLG/000868/CRYSTALENTERPRISES,22/04/2022,868,"12,312.00",0,"13,610.00",,,,,,,,,,,,,,,,
22/04/2022,DEPOSIT-IMPS/211212971274/CHEERS RETAIL PRIVAT/ICICI Bank/XXXXXXXX0014/crplic2ba,22/04/2022,3095,0,"15,000.00","28,610.00",,,,,,,,,,,,,,,,
22/04/2022,CASH/1847/SELF,22/04/2022,3096,0,"37,000.00","65,610.00",,,,,,,,,,,,,,,,
22/04/2022,CLG/000704/ZARAH DISTRIBUTORS LLP,22/04/2022,704,"28,876.00",0,"36,734.00",,,,,,,,,,,,,,,,
22/04/2022,CLG/000898/CHENNAI TRADERS,22/04/2022,898,"13,508.00",0,"23,226.00",,,,,,,,,,,,,,,,
22/04/2022,CLG/000904/SRI JAYALAKSHMI ENTERPRI,22/04/2022,904,"22,418.00",0,808,,,,,,,,,,,,,,,,
23/04/2022,Recovery of RTN/CHRGS/CLG/000883/Funds Insufficient/ - 16/04/22,23/04/2022,3107,375,0,433,,,,,,,,,,,,,,,,
23/04/2022,Recovery of Stop Payment Charges for Account - 16/04/22,23/04/2022,3110,354,0,79,,,,,,,,,,,,,,,,
25/04/2022,DEPOSIT-IMPS/211511047955/CHEERS RETAIL PRIVAT/ICICI Bank/XXXXXXXX0014/icic2band,25/04/2022,3111,0,"37,500.00","37,579.00",,,,,,,,,,,,,,,,
25/04/2022,CASH/1753/SELF,25/04/2022,3112,0,"39,900.00","77,479.00",,,,,,,,,,,,,,,,
25/04/2022,CLG/000863/CHENNAI AGENCIES,25/04/2022,863,"5,076.00",0,"72,403.00",,,,,,,,,,,,,,,,
25/04/2022,CLG/000734/MULLAIYARAGROPRODUCTS,25/04/2022,734,"6,615.00",0,"65,788.00",,,,,,,,,,,,,,,,
25/04/2022,CLG/000883/THE BARN,25/04/2022,883,"3,010.00",0,"62,778.00",,,,,,,,,,,,,,,,
25/04/2022,CLG/000906/MEHTA  AGENCIES,25/04/2022,906,"10,355.00",0,"52,423.00",,,,,,,,,,,,,,,,
26/04/2022,"DEPOSIT-IMPS/211611882260/SELVAKUMARBAALU/Axis Bank/XXXXXXXX0014/,26/04/2022-115",26/04/2022,3128,0,"1,50,000.00","2,02,423.00",,,,,,,,,,,,,,,,
26/04/2022,CLG/000740/VISHNOOENTERPRISES,26/04/2022,740,"2,880.00",0,"1,99,543.00",,,,,,,,,,,,,,,,
26/04/2022,CLG/000843/LYNKS LOGISTICS LIMITED,26/04/2022,843,"17,000.00",0,"1,82,543.00",,,,,,,,,,,,,,,,
26/04/2022,CLG/000893/LYNKS LOGISTICS LIMITED,26/04/2022,893,"17,261.00",0,"1,65,282.00",,,,,,,,,,,,,,,,
26/04/2022,CLG/000900/DHARSHAN FRUIT AND VEGET,26/04/2022,900,"39,101.00",0,"1,26,181.00",,,,,,,,,,,,,,,,
26/04/2022,DEPOSIT-IMPS/211612423741/CHEERS RETAIL PRIVAT/ICICI Bank/XXXXXXXX0014/CRPLBANDH,26/04/2022,3138,0,"21,500.00","1,47,681.00",,,,,,,,,,,,,,,,
26/04/2022,CASH/1847/SELF,26/04/2022,3139,0,"11,302.00","1,58,983.00",,,,,,,,,,,,,,,,
26/04/2022,CASH/1847/SELF,26/04/2022,3140,0,"9,436.00","1,68,419.00",,,,,,,,,,,,,,,,
26/04/2022,CASH/1847/SELF,26/04/2022,3141,0,"20,000.00","1,88,419.00",,,,,,,,,,,,,,,,
26/04/2022,"DEPOSIT-IMPS/211612472976/CHEERS RETAIL PRIVAT/ICICI Bank/XXXXXXXX0014/ici2band,",26/04/2022,3142,0,"8,800.00","1,97,219.00",,,,,,,,,,,,,,,,
26/04/2022,CASH/1841/SELF,26/04/2022,3143,0,"3,000.00","2,00,219.00",,,,,,,,,,,,,,,,
26/04/2022,CASH/1753/SELF,26/04/2022,3144,0,"10,000.00","2,10,219.00",,,,,,,,,,,,,,,,
26/04/2022,CLG/000902/HOMETECH SERVICES,26/04/2022,902,"1,67,472.00",0,"42,747.00",,,,,,,,,,,,,,,,
26/04/2022,CLG/000972/BHARTI AIRTEL LIMITEDSB,26/04/2022,972,"17,490.00",0,"25,257.00",,,,,,,,,,,,,,,,
27/04/2022,CLG/000903/MC ENTERPRISES,27/04/2022,903,"7,891.00",0,"17,366.00",,,,,,,,,,,,,,,,
27/04/2022,CLG/000908/MEHTA  AGENCIES,27/04/2022,908,"9,611.00",0,"7,755.00",,,,,,,,,,,,,,,,
27/04/2022,CLG/000925/KAVYAENTERPRISES,27/04/2022,925,"1,853.00",0,"5,902.00",,,,,,,,,,,,,,,,
27/04/2022,DEPOSIT-IMPS/211712672040/CHEERS RETAIL PRIVAT/ICICI Bank/XXXXXXXX0014/icic2band,27/04/2022,3160,0,"15,548.20","21,450.20",,,,,,,,,,,,,,,,
27/04/2022,CASH/1841/SELF,27/04/2022,3161,0,"2,00,000.00","2,21,450.20",,,,,,,,,,,,,,,,
27/04/2022,CASH/1841/SELF,27/04/2022,3162,0,"5,728.00","2,27,178.20",,,,,,,,,,,,,,,,
27/04/2022,CASH/1841/SELF,27/04/2022,3163,0,"10,361.00","2,37,539.20",,,,,,,,,,,,,,,,
27/04/2022,"DEPOSIT-IMPS/211712342214/SELVAKUMARBAALU/Axis Bank/XXXXXXXX0014/,27/04/2022-125",27/04/2022,3164,0,"55,000.00","2,92,539.20",,,,,,,,,,,,,,,,
27/04/2022,CLG/000886/RHINO SENTINEL AND ALLIE,27/04/2022,886,"30,000.00",0,"2,62,539.20",,,,,,,,,,,,,,,,
27/04/2022,CLG/000922/INDIA SWEET COMPANY PRIV,27/04/2022,922,"20,216.00",0,"2,42,323.20",,,,,,,,,,,,,,,,
27/04/2022,CLG/000957/BULLOCKCARTDELIVERIE,27/04/2022,957,"16,368.00",0,"2,25,955.20",,,,,,,,,,,,,,,,
27/04/2022,CLG/000991/GOODNEWSCHANNELPRIVATE,27/04/2022,991,"2,25,000.00",0,955.2,,,,,,,,,,,,,,,,
28/04/2022,CASH/1753/SELF,28/04/2022,3177,0,"7,068.00","8,023.20",,,,,,,,,,,,,,,,
28/04/2022,CASH/1753/SELF,28/04/2022,3178,0,"12,583.00","20,606.20",,,,,,,,,,,,,,,,
28/04/2022,DEPOSIT-IMPS/211811661426/CHEERS RETAIL PRIVAT/ICICI Bank/XXXXXXXX0014/icic2band,28/04/2022,3182,0,"20,000.00","40,606.20",,,,,,,,,,,,,,,,
28/04/2022,CLG/000837/muthu,28/04/2022,837,"5,193.00",0,"35,413.20",,,,,,,,,,,,,,,,
28/04/2022,CLG/000911/ANKASUMMORFOODSPVTLTDCHN,28/04/2022,911,"6,498.00",0,"28,915.20",,,,,,,,,,,,,,,,
28/04/2022,CLG/000912/ANKASUMMORFOODSPVTLTDCHN,28/04/2022,912,"8,704.00",0,"20,211.20",,,,,,,,,,,,,,,,
28/04/2022,"DEPOSIT-IMPS/211812384114/SELVAKUMARBAALU/Axis Bank/XXXXXXXX0014/,28/04/2022-120",28/04/2022,3189,0,"25,000.00","45,211.20",,,,,,,,,,,,,,,,
28/04/2022,CASH/1847/SELF,28/04/2022,3190,0,"5,000.00","50,211.20",,,,,,,,,,,,,,,,
28/04/2022,CASH/1847/SELF,28/04/2022,3191,0,"10,000.00","60,211.20",,,,,,,,,,,,,,,,
28/04/2022,CASH/1847/SELF,28/04/2022,3192,0,"4,613.00","64,824.20",,,,,,,,,,,,,,,,
28/04/2022,CLG/000916/BROTHERS TRADING,28/04/2022,916,"11,146.00",0,"53,678.20",,,,,,,,,,,,,,,,
28/04/2022,CLG/000923/KAAVERI GROVE INDIAANUSH,28/04/2022,923,"3,295.00",0,"50,383.20",,,,,,,,,,,,,,,,
28/04/2022,CLG/000938/SRI JAYALAKSHMI ENTERPRI,28/04/2022,938,"19,127.00",0,"31,256.20",,,,,,,,,,,,,,,,
28/04/2022,CLG/000939/SRI JAYALAKSHMI ENTERPRI,28/04/2022,939,"12,633.00",0,"18,623.20",,,,,,,,,,,,,,,,
28/04/2022,CLG/000976/SAROJINITRADERS,28/04/2022,976,"4,831.00",0,"13,792.20",,,,,,,,,,,,,,,,
28/04/2022,CLG/000978/SAROJINITRADERS,28/04/2022,978,"4,256.00",0,"9,536.20",,,,,,,,,,,,,,,,
29/04/2022,"DEPOSIT-IMPS/211912437829/SELVAKUMARBAALU/Axis Bank/XXXXXXXX0014/,29/04/2022-120",29/04/2022,3212,0,"2,50,000.00","2,50,536.20",,,,,,,,,,,,,,,,
29/04/2022,DEPOSIT-IMPS/211912070078/CHEERS RETAIL PRIVAT/ICICI Bank/XXXXXXXX0014/CRPLBANDH,29/04/2022,3213,0,"21,400.00","2,71,936.20",,,,,,,,,,,,,,,,
29/04/2022,"DEPOSIT-IMPS/211912675334/SELVAKUMARBAALU/Axis Bank/XXXXXXXX0014/,29/04/2022-125",29/04/2022,3214,0,"2,000.00","2,73,936.20",,,,,,,,,,,,,,,,
29/04/2022,"DEPOSIT-IMPS/211912235226/CHEERS RETAIL PRIVAT/ICICI Bank/XXXXXXXX0014/icic2and,",29/04/2022,3215,0,"12,200.00","2,86,136.20",,,,,,,,,,,,,,,,
29/04/2022,CLG/000663/SAKTHI TRADERS,29/04/2022,663,"13,978.00",0,"2,72,158.20",,,,,,,,,,,,,,,,
29/04/2022,CLG/000739/NATURAL OFFICE MART,29/04/2022,739,"6,948.00",0,"2,65,210.20",,,,,,,,,,,,,,,,
29/04/2022,CLG/000909/MEHTA  AGENCIES,29/04/2022,909,"11,941.00",0,"2,53,269.20",,,,,,,,,,,,,,,,
29/04/2022,CLG/000910/3N HEALTH FOODS PRIVATE,29/04/2022,910,"6,127.00",0,"2,47,142.20",,,,,,,,,,,,,,,,
29/04/2022,CLG/000958/BULLOCKCARTDELIVERIE,29/04/2022,958,"12,604.00",0,"2,34,538.20",,,,,,,,,,,,,,,,
29/04/2022,CLG/000970/SKS AGENCIES,29/04/2022,970,"8,339.00",0,"2,26,199.20",,,,,,,,,,,,,,,,
29/04/2022,CLG/000975/SAROJINITRADERS,29/04/2022,975,"6,561.00",0,"2,19,638.20",,,,,,,,,,,,,,,,
29/04/2022,RTN/CLG/000992/Funds Insufficient/GOODNEWSCHANNELPRIVATE,29/04/2022,3237,"2,25,000.00",0,"-5,361.80",,,,,,,,,,,,,,,,
29/04/2022,RTN/CLG/000992/Funds Insufficient/GOODNEWSCHANNELPRIVATE,29/04/2022,3238,0,"2,25,000.00","2,19,638.20",,,,,,,,,,,,,,,,
29/04/2022,RTN/CHRGS/CLG/000992/Funds Insufficient/,29/04/2022,3239,590,0,"2,19,048.20",,,,,,,,,,,,,,,,
29/04/2022,"DEPOSIT-IMPS/211913812347/SELVAKUMARBAALU/Axis Bank/XXXXXXXX0014/,29/04/2022-131",29/04/2022,3240,0,"2,000.00","2,21,048.20",,,,,,,,,,,,,,,,
29/04/2022,"DEPOSIT-IMPS/211913814495/SELVAKUMARBAALU/Axis Bank/XXXXXXXX0014/,29/04/2022-131",29/04/2022,3241,0,"7,000.00","2,28,048.20",,,,,,,,,,,,,,,,
29/04/2022,"DEPOSIT-IMPS/211913868415/SELVAKUMARBAALU/Axis Bank/XXXXXXXX0014/,29/04/2022-132",29/04/2022,3242,0,"1,500.00","2,29,548.20",,,,,,,,,,,,,,,,
29/04/2022,CLG 000992 GOODNEWS,29/04/2022,992,"2,25,000.00",0,"4,548.20",,,,,,,,,,,,,,,,
30/04/2022,DEPOSIT-IMPS/212011543521/CHEERS RETAIL PRIVAT/ICICI Bank/XXXXXXXX0014/icic2band,30/04/2022,3245,0,"15,500.00","20,048.20",,,,,,,,,,,,,,,,
30/04/2022,CLG/000987/GEETHA AGENCIES,30/04/2022,987,"1,489.00",0,"18,559.20",,,,,,,,,,,,,,,,
30/04/2022,DEPOSIT-IMPS/212012787962/CHEERS RETAIL PRIVAT/ICICI Bank/XXXXXXXX0014/icic2band,30/04/2022,3248,0,"10,800.00","29,359.20",,,,,,,,,,,,,,,,
30/04/2022,CASH/1841/SELF,30/04/2022,3249,0,"12,000.00","41,359.20",,,,,,,,,,,,,,,,
30/04/2022,"DEPOSIT-IMPS/212012955912/SELVAKUMARBAALU/Axis Bank/XXXXXXXX0014/crplbandhan,30/",30/04/2022,3250,0,"10,000.00","51,359.20",,,,,,,,,,,,,,,,
30/04/2022,"DEPOSIT-IMPS/212012970892/SELVAKUMARBAALU/Axis Bank/XXXXXXXX0014/crplbandhan,30/",30/04/2022,3251,0,"10,000.00","61,359.20",,,,,,,,,,,,,,,,
30/04/2022,CLG/000855/FATHIMA AGENCIES PN LTD,30/04/2022,855,"4,653.00",0,"56,706.20",,,,,,,,,,,,,,,,
30/04/2022,CLG/000918/CRYSTALENTERPRISES,30/04/2022,918,"10,964.00",0,"45,742.20",,,,,,,,,,,,,,,,
30/04/2022,CLG/000964/SKY OFFICE MART,30/04/2022,964,"7,491.00",0,"38,251.20",,,,,,,,,,,,,,,,
30/04/2022,CLG/000971/SKS AGENCIES,30/04/2022,971,"4,930.00",0,"33,321.20",,,,,,,,,,,,,,,,
30/04/2022,CLG/000973/CORTEX ENTERPRISES,30/04/2022,973,"13,816.00",0,"19,505.20",,,,,,,,,,,,,,,,
30/04/2022,CLG/000974/CORTEX ENTERPRISES,30/04/2022,974,"5,330.00",0,"14,175.20",,,,,,,,,,,,,,,,
30/04/2022,CLG/000977/SAROJINITRADERS,30/04/2022,977,"5,849.00",0,"8,326.20",,,,,,,,,,,,,,,,
30/04/2022,CASH/1753/SELF,30/04/2022,3273,0,"10,000.00","18,326.20",,,,,,,,,,,,,,,,
30/04/2022,TRF/1841/000960/Mr. S GURUSAMY,30/04/2022,960,"10,066.00",0,"8,260.20",,,,,,,,,,,,,,,,
30/04/2022,DEPOSIT-IMPS/212020833107/CHEERS RETAIL PRIVAT/ICICI Bank/XXXXXXXX0014/CRPL BAND,30/04/2022,3275,0,"2,000.00","10,260.20",,,,,,,,,,,,,,,,
30/04/2022,WDL-IMPS/212021020069/SELVAKUMAR BAALU/UTIB0000676/XXXXXXXXXXX6311/,30/04/2022,3276,"10,000.00",0,260.2,,,,,,,,,,,,,,,,
01/05/2022,Recovery of MAB Charges for Account 10210008879729 - 30/04/22,01/05/2022,3279,260.2,0,0,,,,,,,,,,,,,,,,
02/05/2022,DEPOSIT-IMPS/212212994037/CHEERS RETAIL PRIVAT/ICICI Bank/XXXXXXXX0014/icic2band,02/05/2022,3281,0,"17,400.00","17,400.00",,,,,,,,,,,,,,,,
02/05/2022,CASH/1841/SELF,02/05/2022,3282,0,"20,000.00","37,400.00",,,,,,,,,,,,,,,,
02/05/2022,CLG/000250/SREESAIENTERPRISES,02/05/2022,250,"2,503.00",0,"34,897.00",,,,,,,,,,,,,,,,
02/05/2022,CLG/000676/MATRIX POWER TECH SYSTEM,02/05/2022,676,"9,500.00",0,"25,397.00",,,,,,,,,,,,,,,,
02/05/2022,CLG/000802/VEE JAY ENTERPRISES,02/05/2022,802,672,0,"24,725.00",,,,,,,,,,,,,,,,
02/05/2022,CLG/000965/SHIVA SCREEN AND OFFSET,02/05/2022,965,"4,385.00",0,"20,340.00",,,,,,,,,,,,,,,,
02/05/2022,CLG/000984/SRI SAI SANJEEV AGENCIES,02/05/2022,984,"3,869.00",0,"16,471.00",,,,,,,,,,,,,,,,
02/05/2022,CLG/000986/SRI SAI SANJEEV AGENCIES,02/05/2022,986,"7,792.00",0,"8,679.00",,,,,,,,,,,,,,,,
02/05/2022,TRF/1841/000959/Mr. S GURUSAMY,02/05/2022,959,"7,260.00",0,"1,419.00",,,,,,,,,,,,,,,,
04/05/2022,CASH/1841/SELF,04/05/2022,3302,0,"16,000.00","17,419.00",,,,,,,,,,,,,,,,
04/05/2022,DEPOSIT-IMPS/212412254330/CHEERS RETAIL PRIVAT/ICICI Bank/XXXXXXXX0014/icic2band,04/05/2022,3303,0,"21,400.00","38,819.00",,,,,,,,,,,,,,,,
04/05/2022,CASH/1753/SELF,04/05/2022,3304,0,"12,000.00","50,819.00",,,,,,,,,,,,,,,,
04/05/2022,CASH/1841/SELF,04/05/2022,3305,0,"8,000.00","58,819.00",,,,,,,,,,,,,,,,
04/05/2022,CLG/000542/INDRA AGENCIES,04/05/2022,542,"18,788.00",0,"40,031.00",,,,,,,,,,,,,,,,
04/05/2022,CLG/000952/R SQUARE FOOD FACTORY,04/05/2022,952,"13,213.00",0,"26,818.00",,,,,,,,,,,,,,,,
04/05/2022,CLG/000953/R V ENTERPRISES,04/05/2022,953,"12,185.00",0,"14,633.00",,,,,,,,,,,,,,,,
04/05/2022,CLG/000999/DINESH D,04/05/2022,999,"5,405.00",0,"9,228.00",,,,,,,,,,,,,,,,
04/05/2022,CASH/1841/001033/SELF,04/05/2022,1033,"7,000.00",0,"2,228.00",,,,,,,,,,,,,,,,
05/05/2022,"DEPOSIT-IMPS/212511109789/SELVAKUMARBAALU/Axis Bank/XXXXXXXX0014/,05/05/2022-110",05/05/2022,3319,0,"2,50,000.00","2,52,228.00",,,,,,,,,,,,,,,,
05/05/2022,DEPOSIT-IMPS/212511748850/CHEERS RETAIL PRIVAT/ICICI Bank/XXXXXXXX0014/icic2band,05/05/2022,3323,0,"16,200.00","2,68,428.00",,,,,,,,,,,,,,,,
05/05/2022,CLG/000928/MAALIK ENTERPRISES,05/05/2022,928,"6,973.33",0,"2,61,454.67",,,,,,,,,,,,,,,,
05/05/2022,CLG/000985/SRI SAI SANJEEV AGENCIES,05/05/2022,985,"16,831.00",0,"2,44,623.67",,,,,,,,,,,,,,,,
05/05/2022,CLG/000995/SUN AGRO COM RESOURCES,05/05/2022,995,"6,899.00",0,"2,37,724.67",,,,,,,,,,,,,,,,
05/05/2022,CLG/000887/RHINO SENTINEL AND ALLIE,05/05/2022,887,"28,410.00",0,"2,09,314.67",,,,,,,,,,,,,,,,
05/05/2022,CLG/000988/PSB ENTERPRISES,05/05/2022,988,"20,065.00",0,"1,89,249.67",,,,,,,,,,,,,,,,
05/05/2022,"DEPOSIT-IMPS/212512911539/CHEERS RETAIL PRIVAT/ICICI Bank/XXXXXXXX0014/icic2and,",05/05/2022,3336,0,"6,800.00","1,96,049.67",,,,,,,,,,,,,,,,
05/05/2022,"DEPOSIT-IMPS/212512570106/SELVAKUMARBAALU/Axis Bank/XXXXXXXX0014/,05/05/2022-123",05/05/2022,3337,0,"60,000.00","2,56,049.67",,,,,,,,,,,,,,,,
05/05/2022,CASH/1753/SELF,05/05/2022,3338,0,"12,000.00","2,68,049.67",,,,,,,,,,,,,,,,
05/05/2022,RTN/CLG/000661/Alteration require drawers authentication/R SQUARE FOOD FACTORY,05/05/2022,3339,"11,711.00",0,"2,56,338.67",,,,,,,,,,,,,,,,
05/05/2022,RTN/CLG/000661/Alteration require drawers authentication/R SQUARE FOOD FACTORY,05/05/2022,3340,0,"11,711.00","2,68,049.67",,,,,,,,,,,,,,,,
05/05/2022,CLG/000990/GOODNEWSCHANNELPRIVATE,05/05/2022,990,"2,50,000.00",0,"18,049.67",,,,,,,,,,,,,,,,
05/05/2022,CASH/1841/001048/SELF,05/05/2022,1048,"5,000.00",0,"13,049.67",,,,,,,,,,,,,,,,
06/05/2022,CASH/1753/SELF,06/05/2022,3345,0,"13,067.00","26,116.67",,,,,,,,,,,,,,,,
06/05/2022,CLG/000888/RHINO SENTINEL AND ALLIE,06/05/2022,888,"11,880.00",0,"14,236.67",,,,,,,,,,,,,,,,
06/05/2022,CLG/000930/M.M.B ENTERPRISES,06/05/2022,930,"9,819.00",0,"4,417.67",,,,,,,,,,,,,,,,
06/05/2022,DEPOSIT-IMPS/212612453278/CHEERS RETAIL PRIVAT/ICICI Bank/XXXXXXXX0014/icic2band,06/05/2022,3352,0,"23,000.00","27,417.67",,,,,,,,,,,,,,,,
06/05/2022,"DEPOSIT-IMPS/212612053610/SELVAKUMARBAALU/Axis Bank/XXXXXXXX0014/,06/05/2022-123",06/05/2022,3353,0,"60,000.00","87,417.67",,,,,,,,,,,,,,,,
06/05/2022,DEPOSIT-IMPS/212612589314/CHEERS RETAIL PRIVAT/ICICI Bank/XXXXXXXX0014/icic2band,06/05/2022,3354,0,"5,500.00","92,917.67",,,,,,,,,,,,,,,,
06/05/2022,CASH/1753/SELF,06/05/2022,3355,0,"10,000.00","1,02,917.67",,,,,,,,,,,,,,,,
06/05/2022,RTN/CLG/000343/Alteration require drawers authentication/BARANI ENTERPRISES,06/05/2022,3356,"7,782.00",0,"95,135.67",,,,,,,,,,,,,,,,
06/05/2022,RTN/CLG/000343/Alteration require drawers authentication/BARANI ENTERPRISES,06/05/2022,3357,0,"7,782.00","1,02,917.67",,,,,,,,,,,,,,,,
06/05/2022,CLG/000950/ZARAH DISTRIBUTORS LLP,06/05/2022,950,"11,118.00",0,"91,799.67",,,,,,,,,,,,,,,,
06/05/2022,CLG/000951/ZARAH DISTRIBUTORS LLP,06/05/2022,951,"10,127.00",0,"81,672.67",,,,,,,,,,,,,,,,
06/05/2022,CLG/000966/MARS PEST MANAGEMENT SYS,06/05/2022,966,"5,664.00",0,"76,008.67",,,,,,,,,,,,,,,,
06/05/2022,CLG/000989/PSB ENTERPRISES,06/05/2022,989,"12,655.00",0,"63,353.67",,,,,,,,,,,,,,,,
06/05/2022,CLG/000993/INAKKAM INDUSTRIES,06/05/2022,993,"10,378.00",0,"52,975.67",,,,,,,,,,,,,,,,
06/05/2022,CLG/001040/Mr  SWAMINATHAN  R,06/05/2022,1040,"27,791.00",0,"25,184.67",,,,,,,,,,,,,,,,
07/05/2022,CLG/000967/MARS PEST MANAGEMENT SYS,07/05/2022,967,"5,310.00",0,"19,874.67",,,,,,,,,,,,,,,,
07/05/2022,CASH/1753/SELF,07/05/2022,3379,0,"5,000.00","24,874.67",,,,,,,,,,,,,,,,
07/05/2022,CASH/1753/SELF,07/05/2022,3380,0,"3,300.00","28,174.67",,,,,,,,,,,,,,,,
07/05/2022,DEPOSIT-IMPS/212712276995/N P RAJESHWARAN/South Indian Bank/XXXXXXXX0014/MB NPR,07/05/2022,3381,0,"2,600.00","30,774.67",,,,,,,,,,,,,,,,
07/05/2022,CASH/1753/SELF,07/05/2022,3382,0,"5,000.00","35,774.67",,,,,,,,,,,,,,,,
07/05/2022,"DEPOSIT-IMPS/212712919411/CHEERS RETAIL PRIVAT/ICICI Bank/XXXXXXXX0014/ici2band,",07/05/2022,3383,0,"12,600.00","48,374.67",,,,,,,,,,,,,,,,
07/05/2022,CASH/1841/SELF,07/05/2022,3384,0,"13,000.00","61,374.67",,,,,,,,,,,,,,,,
07/05/2022,CASH/1847/SELF,07/05/2022,3385,0,"2,000.00","63,374.67",,,,,,,,,,,,,,,,
07/05/2022,CLG/000994/A PLUS EXPORTS PVT LTD,07/05/2022,994,"34,910.00",0,"28,464.67",,,,,,,,,,,,,,,,
07/05/2022,CLG/001041/M VENKATESAN,07/05/2022,1041,"27,000.00",0,"1,464.67",,,,,,,,,,,,,,,,
08/05/2022,Recovery of MAB Charges for Account 10210008879729 - 30/04/22,08/05/2022,3393,919.8,0,544.87,,,,,,,,,,,,,,,,
09/05/2022,DEPOSIT-IMPS/212911208246/CHEERS RETAIL PRIVAT/ICICI Bank/XXXXXXXX0014/icic2band,09/05/2022,3394,0,"68,500.00","69,044.87",,,,,,,,,,,,,,,,
09/05/2022,CASH/1753/SELF,09/05/2022,3395,0,"5,220.00","74,264.87",,,,,,,,,,,,,,,,
09/05/2022,CASH/1753/SELF,09/05/2022,3396,0,"32,524.00","1,06,788.87",,,,,,,,,,,,,,,,
09/05/2022,CLG/000279/JAYAM AGENCY,09/05/2022,279,"25,686.00",0,"81,102.87",,,,,,,,,,,,,,,,
09/05/2022,CLG/000954/NEWEMJAAYENTERPRISES,09/05/2022,954,"1,920.00",0,"79,182.87",,,,,,,,,,,,,,,,
09/05/2022,CLG/000956/BENANI FOODS PRIVATE LIMI,09/05/2022,956,"9,418.00",0,"69,764.87",,,,,,,,,,,,,,,,
09/05/2022,WDL-IMPS/212920018794/SELVAKUMAR BAALU/UBIN0904911/XXXXXXXXXXX2376/,09/05/2022,3406,"69,000.00",0,764.87,,,,,,,,,,,,,,,,
10/05/2022,CLG/000982/NAMIR FOOD INGREDIENTS,10/05/2022,982,494,0,270.87,,,,,,,,,,,,,,,,
10/05/2022,CASH/1841/SELF,10/05/2022,3410,0,"10,660.00","10,930.87",,,,,,,,,,,,,,,,
10/05/2022,CASH/1841/SELF,10/05/2022,3411,0,"20,000.00","30,930.87",,,,,,,,,,,,,,,,
10/05/2022,DEPOSIT-IMPS/213012194060/CHEERS RETAIL PRIVAT/ICICI Bank/XXXXXXXX0014/icic2band,10/05/2022,3412,0,"19,000.00","49,930.87",,,,,,,,,,,,,,,,
10/05/2022,CLG/000943/SRI SAI AGENCY,10/05/2022,943,"7,183.00",0,"42,747.87",,,,,,,,,,,,,,,,
10/05/2022,CLG/000968/MARS PEST MANAGEMENT SYS,10/05/2022,968,"6,726.00",0,"36,021.87",,,,,,,,,,,,,,,,
10/05/2022,CLG/000981/MANJU CHEMICALS PVT LTD,10/05/2022,981,"6,825.00",0,"29,196.87",,,,,,,,,,,,,,,,
10/05/2022,CLG/001016/JAI BAJRANG BALI AGENCIES,10/05/2022,1016,"14,000.00",0,"15,196.87",,,,,,,,,,,,,,,,
10/05/2022,WDL-IMPS/213022022082/CHEERS RETAIL PRIVATE LIMITED/ICIC0003995/XXXXXXXX0409/,10/05/2022,3425,"15,000.00",0,196.87,,,,,,,,,,,,,,,,
11/05/2022,DEPOSIT-IMPS/213112638522/CHEERS RETAIL PRIVAT/ICICI Bank/XXXXXXXX0014/CRPLBANDH,11/05/2022,3426,0,"11,000.00","11,196.87",,,,,,,,,,,,,,,,
11/05/2022,CASH/1847/SELF,11/05/2022,3427,0,"19,400.00","30,596.87",,,,,,,,,,,,,,,,
11/05/2022,CLG/000489/MS KRISHNA ENTERPRISES,11/05/2022,489,"2,652.00",0,"27,944.87",,,,,,,,,,,,,,,,
11/05/2022,CLG/000941/SRI MUTHAALAMMAN TRADER,11/05/2022,941,"10,639.00",0,"17,305.87",,,,,,,,,,,,,,,,
12/05/2022,CLG/000920/G G AGENCIES,12/05/2022,920,"13,898.00",0,"3,407.87",,,,,,,,,,,,,,,,
12/05/2022,"DEPOSIT-IMPS/213212965154/CHEERS RETAIL PRIVAT/ICICI Bank/XXXXXXXX0014/ici2band,",12/05/2022,3437,0,"17,500.00","20,907.87",,,,,,,,,,,,,,,,
12/05/2022,DEPOSIT-IMPS/213212033602/CHEERS RETAIL PRIVAT/ICICI Bank/XXXXXXXX0014/icic2band,12/05/2022,3438,0,"8,500.00","29,407.87",,,,,,,,,,,,,,,,
12/05/2022,CASH/1753/SELF,12/05/2022,3439,0,"4,300.00","33,707.87",,,,,,,,,,,,,,,,
12/05/2022,CLG/000927/MAHALAKSHMIDISTRIBUTORS,12/05/2022,927,"16,395.00",0,"17,312.87",,,,,,,,,,,,,,,,
12/05/2022,CLG/000931/MPR FOOD PRODUCTS,12/05/2022,931,"8,768.00",0,"8,544.87",,,,,,,,,,,,,,,,
12/05/2022,CLG/000996/NATHANENTERPRISES,12/05/2022,996,"4,000.00",0,"4,544.87",,,,,,,,,,,,,,,,
13/05/2022,CLG/000759/BINDU APPALAM DEPOT,13/05/2022,759,"2,166.00",0,"2,378.87",,,,,,,,,,,,,,,,
13/05/2022,CLG/001052/BABA ENTERPRISES,13/05/2022,1052,"1,330.00",0,"1,048.87",,,,,,,,,,,,,,,,
13/05/2022,DEPOSIT-IMPS/213312275654/CHEERS RETAIL PRIVAT/ICICI Bank/XXXXXXXX0014/icic2band,13/05/2022,3455,0,"50,000.00","51,048.87",,,,,,,,,,,,,,,,
13/05/2022,CLG/000924/KATARIYAAGENCIES,13/05/2022,924,"2,877.00",0,"48,171.87",,,,,,,,,,,,,,,,
13/05/2022,CLG/001002/SAKTHI ENTERPRISES,13/05/2022,1002,"14,800.00",0,"33,371.87",,,,,,,,,,,,,,,,
13/05/2022,CLG/001011/MEHTA AGENCIES,13/05/2022,1011,"13,432.00",0,"19,939.87",,,,,,,,,,,,,,,,
13/05/2022,CLG/001012/MEHTA AGENCIES,13/05/2022,1012,"8,787.00",0,"11,152.87",,,,,,,,,,,,,,,,
13/05/2022,CLG/001053/BABA ENTERPRISES,13/05/2022,1053,"3,610.00",0,"7,542.87",,,,,,,,,,,,,,,,
16/05/2022,DEPOSIT-IMPS/213611972937/CHEERS RETAIL PRIVAT/ICICI Bank/XXXXXXXX0014/crplici2b,16/05/2022,3471,0,"12,000.00","19,542.87",,,,,,,,,,,,,,,,
16/05/2022,CASH/1841/SELF,16/05/2022,3474,0,"32,678.00","52,220.87",,,,,,,,,,,,,,,,
16/05/2022,"DEPOSIT-IMPS/213612390708/SELVAKUMARBAALU/Axis Bank/XXXXXXXX0014/,16/05/2022-121",16/05/2022,3475,0,"30,000.00","82,220.87",,,,,,,,,,,,,,,,
16/05/2022,CLG/000919/DURGA ENTERPRISES,16/05/2022,919,"6,388.00",0,"75,832.87",,,,,,,,,,,,,,,,
16/05/2022,CLG/001015/R V ENTERPRISES,16/05/2022,1015,"11,751.00",0,"64,081.87",,,,,,,,,,,,,,,,
16/05/2022,CLG/001003/WONDER PVT LTD,16/05/2022,1003,"30,000.00",0,"34,081.87",,,,,,,,,,,,,,,,
16/05/2022,CLG/001027/RHINO SENTINEL AND ALLIE,16/05/2022,1027,"30,000.00",0,"4,081.87",,,,,,,,,,,,,,,,
16/05/2022,TRF/1841/000962/Mr. S GURUSAMY,16/05/2022,962,"2,610.00",0,"1,471.87",,,,,,,,,,,,,,,,
17/05/2022,CASH/1753/SELF,17/05/2022,3487,0,"8,161.00","9,632.87",,,,,,,,,,,,,,,,
17/05/2022,CASH/1753/SELF,17/05/2022,3488,0,"12,963.00","22,595.87",,,,,,,,,,,,,,,,
17/05/2022,DEPOSIT-IMPS/213711318062/CHEERS RETAIL PRIVAT/ICICI Bank/XXXXXXXX0014/CRPLBANDH,17/05/2022,3489,0,"16,000.00","38,595.87",,,,,,,,,,,,,,,,
17/05/2022,CASH/1841/SELF,17/05/2022,3490,0,"2,00,000.00","2,38,595.87",,,,,,,,,,,,,,,,
17/05/2022,CLG/000280/JAYAM AGENCY,17/05/2022,280,"25,000.00",0,"2,13,595.87",,,,,,,,,,,,,,,,
17/05/2022,CLG/000913/BACKIYA STORES,17/05/2022,913,"9,061.00",0,"2,04,534.87",,,,,,,,,,,,,,,,
17/05/2022,CLG/001006/R V S S ENTERPRISES,17/05/2022,1006,"4,879.00",0,"1,99,655.87",,,,,,,,,,,,,,,,
17/05/2022,CLG/001007/R V S S ENTERPRISES,17/05/2022,1007,"2,408.00",0,"1,97,247.87",,,,,,,,,,,,,,,,
17/05/2022,CLG/001013/VIRUKHSHAM,17/05/2022,1013,"4,624.00",0,"1,92,623.87",,,,,,,,,,,,,,,,
17/05/2022,CLG/001014/VIRUKHSHAM,17/05/2022,1014,"6,885.00",0,"1,85,738.87",,,,,,,,,,,,,,,,
17/05/2022,CLG/001018/HYGREVAR ENTERPRISES PVT,17/05/2022,1018,"21,120.00",0,"1,64,618.87",,,,,,,,,,,,,,,,
17/05/2022,CLG/001019/HYGREVAR ENTERPRISES PVT,17/05/2022,1019,"28,966.00",0,"1,35,652.87",,,,,,,,,,,,,,,,
17/05/2022,CLG/001021/VINAYAGA AGENCY,17/05/2022,1021,"12,336.00",0,"1,23,316.87",,,,,,,,,,,,,,,,
17/05/2022,CLG/001029/SHIVA SCREEN AND OFFSET,17/05/2022,1029,"6,405.00",0,"1,16,911.87",,,,,,,,,,,,,,,,
17/05/2022,CLG/001037/VIRUKHSHAM,17/05/2022,1037,"4,410.00",0,"1,12,501.87",,,,,,,,,,,,,,,,
17/05/2022,CLG/001038/VIRUKHSHAM,17/05/2022,1038,"9,328.00",0,"1,03,173.87",,,,,,,,,,,,,,,,
17/05/2022,CLG/001039/VINAYAGA AGENCY,17/05/2022,1039,"9,776.00",0,"93,397.87",,,,,,,,,,,,,,,,
17/05/2022,CLG/001043/GOODNEWSCHANNELPRIVATE,17/05/2022,1043,"59,148.00",0,"34,249.87",,,,,,,,,,,,,,,,
17/05/2022,CLG/001054/PSB ENTERPRISES,17/05/2022,1054,"18,612.00",0,"15,637.87",,,,,,,,,,,,,,,,
17/05/2022,CLG/001056/DIAMOND ENTERPRISES,17/05/2022,1056,"4,447.00",0,"11,190.87",,,,,,,,,,,,,,,,
17/05/2022,CLG/001062/RIKHAB TRADING COMPANY,17/05/2022,1062,"9,650.00",0,"1,540.87",,,,,,,,,,,,,,,,
18/05/2022,CASH/1753/SELF,18/05/2022,3543,0,"13,032.00","14,572.87",,,,,,,,,,,,,,,,
18/05/2022,CASH/1753/SELF,18/05/2022,3544,0,"8,659.00","23,231.87",,,,,,,,,,,,,,,,
18/05/2022,DEPOSIT-IMPS/213812798014/CHEERS RETAIL PRIVAT/ICICI Bank/XXXXXXXX0014/crpl ici2,18/05/2022,3545,0,"17,000.00","40,231.87",,,,,,,,,,,,,,,,
18/05/2022,CLG/000998/NATHANENTERPRISES,18/05/2022,998,"1,310.00",0,"38,921.87",,,,,,,,,,,,,,,,
18/05/2022,CLG/001009/DHARSHAN FRUIT AND VEGET,18/05/2022,1009,"20,512.00",0,"18,409.87",,,,,,,,,,,,,,,,
18/05/2022,DEPOSIT-IMPS/213812841518/N P RAJESHWARAN/South Indian Bank/XXXXXXXX0014/MB NPR,18/05/2022,3551,0,"5,000.00","23,409.87",,,,,,,,,,,,,,,,
18/05/2022,CASH/1847/SELF,18/05/2022,3552,0,"30,000.00","53,409.87",,,,,,,,,,,,,,,,
18/05/2022,"DEPOSIT-IMPS/213812637820/SELVAKUMARBAALU/Axis Bank/XXXXXXXX0014/,18/05/2022-125",18/05/2022,3553,0,"20,000.00","73,409.87",,,,,,,,,,,,,,,,
18/05/2022,CASH/1753/SELF,18/05/2022,3554,0,"8,000.00","81,409.87",,,,,,,,,,,,,,,,
18/05/2022,DEPOSIT-IMPS/213813842784/N P RAJESHWARAN/South Indian Bank/XXXXXXXX0014/MB NPR,18/05/2022,3555,0,"10,000.00","91,409.87",,,,,,,,,,,,,,,,
18/05/2022,DEPOSIT-IMPS/213813004077/CHEERS RETAIL PRIVAT/ICICI Bank/XXXXXXXX0014/icic2band,18/05/2022,3556,0,"4,900.00","96,309.87",,,,,,,,,,,,,,,,
18/05/2022,CLG/000944/SUPREME AGENCIES,18/05/2022,944,"8,617.00",0,"87,692.87",,,,,,,,,,,,,,,,
18/05/2022,CLG/000945/SUPREME AGENCIES,18/05/2022,945,"17,759.00",0,"69,933.87",,,,,,,,,,,,,,,,
18/05/2022,CLG/000946/SUPREME AGENCIES,18/05/2022,946,"7,285.00",0,"62,648.87",,,,,,,,,,,,,,,,
18/05/2022,CLG/000997/NATHANENTERPRISES,18/05/2022,997,"4,112.00",0,"58,536.87",,,,,,,,,,,,,,,,
18/05/2022,CLG/001008/DHARSHAN FRUIT AND VEGET,18/05/2022,1008,"10,958.00",0,"47,578.87",,,,,,,,,,,,,,,,
18/05/2022,CLG/001022/DIVYA AG ANILKUMA KARTHIK,18/05/2022,1022,"10,111.00",0,"37,467.87",,,,,,,,,,,,,,,,
18/05/2022,CLG/001023/DIVYA AG ANILKUMA KARTHIK,18/05/2022,1023,"4,353.00",0,"33,114.87",,,,,,,,,,,,,,,,
18/05/2022,CLG/001024/DIVYA AG ANILKUMA KARTHIK,18/05/2022,1024,"14,675.00",0,"18,439.87",,,,,,,,,,,,,,,,
18/05/2022,CLG/001026/RHINO SENTINEL AND ALLIE,18/05/2022,1026,"11,385.00",0,"7,054.87",,,,,,,,,,,,,,,,
19/05/2022,CLG/001047/TRAKX FOOD PRODUCTS,19/05/2022,1047,"6,796.00",0,258.87,,,,,,,,,,,,,,,,
19/05/2022,DEPOSIT-IMPS/213912004216/CHEERS RETAIL PRIVAT/ICICI Bank/XXXXXXXX0014/icic2band,19/05/2022,3587,0,"21,800.00","22,058.87",,,,,,,,,,,,,,,,
19/05/2022,CASH/1841/SELF,19/05/2022,3588,0,"5,500.00","27,558.87",,,,,,,,,,,,,,,,
19/05/2022,DEPOSIT-IMPS/213912101465/CHEERS RETAIL PRIVAT/ICICI Bank/XXXXXXXX0014/icic2band,19/05/2022,3589,0,"8,800.00","36,358.87",,,,,,,,,,,,,,,,
19/05/2022,CASH/1753/SELF,19/05/2022,3590,0,"5,000.00","41,358.87",,,,,,,,,,,,,,,,
19/05/2022,"DEPOSIT-IMPS/213912001030/SELVAKUMARBAALU/Axis Bank/XXXXXXXX0014/,19/05/2022-125",19/05/2022,3591,0,"35,000.00","76,358.87",,,,,,,,,,,,,,,,
19/05/2022,CLG/001025/SRI MUTHAALAMMAN TRADER,19/05/2022,1025,"17,232.00",0,"59,126.87",,,,,,,,,,,,,,,,
19/05/2022,CLG/001034/SAOA,19/05/2022,1034,"18,850.00",0,"40,276.87",,,,,,,,,,,,,,,,
19/05/2022,CLG/001035/MEHTA AGENCIES,19/05/2022,1035,"15,051.00",0,"25,225.87",,,,,,,,,,,,,,,,
19/05/2022,CLG/001036/MEHTA AGENCIES,19/05/2022,1036,"13,910.00",0,"11,315.87",,,,,,,,,,,,,,,,
19/05/2022,CLG/001057/SRINIVASA AGENCIES,19/05/2022,1057,"3,445.00",0,"7,870.87",,,,,,,,,,,,,,,,
19/05/2022,CLG/001059/Amma Agency,19/05/2022,1059,"5,285.00",0,"2,585.87",,,,,,,,,,,,,,,,
20/05/2022,CASH/1753/SELF,20/05/2022,3610,0,"6,377.00","8,962.87",,,,,,,,,,,,,,,,
20/05/2022,CASH/1753/SELF,20/05/2022,3611,0,"11,701.00","20,663.87",,,,,,,,,,,,,,,,
20/05/2022,"DEPOSIT-IMPS/214011026952/CHEERS RETAIL PRIVAT/ICICI Bank/XXXXXXXX0014/ici2band,",20/05/2022,3616,0,"21,000.00","41,663.87",,,,,,,,,,,,,,,,
20/05/2022,CLG/000949/WHITEFIELD SR ENTERPRISES,20/05/2022,949,"9,514.00",0,"32,149.87",,,,,,,,,,,,,,,,
20/05/2022,CLG/000961/SRI NANDHA FOODS,20/05/2022,961,840,0,"31,309.87",,,,,,,,,,,,,,,,
20/05/2022,CLG/001058/MAHAVEER MARKETING,20/05/2022,1058,"2,086.00",0,"29,223.87",,,,,,,,,,,,,,,,
20/05/2022,CLG/001060/ISMAIL TRADERS,20/05/2022,1060,"4,171.00",0,"25,052.87",,,,,,,,,,,,,,,,
20/05/2022,TRF/1841/000963/Mr. S GURUSAMY,20/05/2022,963,"9,504.00",0,"15,548.87",,,,,,,,,,,,,,,,
20/05/2022,WDL-IMPS/214015010759/SELVAKUMAR BAALU/UTIB0000676/XXXXXXXXXXX6311/,20/05/2022,3626,"15,000.00",0,548.87,,,,,,,,,,,,,,,,
21/05/2022,CASH/1753/SELF,21/05/2022,3627,0,"11,688.00","12,236.87",,,,,,,,,,,,,,,,
21/05/2022,CASH/1753/SELF,21/05/2022,3628,0,"2,150.00","14,386.87",,,,,,,,,,,,,,,,
21/05/2022,CASH/1841/SELF,21/05/2022,3631,0,"8,000.00","22,386.87",,,,,,,,,,,,,,,,
21/05/2022,DEPOSIT-IMPS/214112191948/CHEERS RETAIL PRIVAT/ICICI Bank/XXXXXXXX0014/CRPLBANDH,21/05/2022,3632,0,"25,700.00","48,086.87",,,,,,,,,,,,,,,,
21/05/2022,CLG/000932/R SQUARE FOOD FACTORY,21/05/2022,932,"5,000.00",0,"43,086.87",,,,,,,,,,,,,,,,
21/05/2022,CLG/001064/AUROMIRAMEDIAIDS,21/05/2022,1064,"9,263.00",0,"33,823.87",,,,,,,,,,,,,,,,
21/05/2022,"DEPOSIT-IMPS/214112137508/SELVAKUMARBAALU/Axis Bank/XXXXXXXX0014/,21/05/2022-124",21/05/2022,3637,0,"10,000.00","43,823.87",,,,,,,,,,,,,,,,
21/05/2022,DEPOSIT-IMPS/214112271521/CHEERS RETAIL PRIVAT/ICICI Bank/XXXXXXXX0014/CRPLBANDH,21/05/2022,3638,0,"12,000.00","55,823.87",,,,,,,,,,,,,,,,
21/05/2022,CLG/001000/RIKHAB TRADING COMPANY R,21/05/2022,1000,"26,490.00",0,"29,333.87",,,,,,,,,,,,,,,,
21/05/2022,CLG/001055/PSB ENTERPRISES,21/05/2022,1055,"23,340.00",0,"5,993.87",,,,,,,,,,,,,,,,
23/05/2022,DEPOSIT-IMPS/214311611651/CHEERS RETAIL PRIVAT/ICICI Bank/XXXXXXXX0014/icic2band,23/05/2022,3645,0,"41,500.00","47,493.87",,,,,,,,,,,,,,,,
23/05/2022,CLG/000457/MY ORGANIC BAZAAR,23/05/2022,457,"8,893.00",0,"38,600.87",,,,,,,,,,,,,,,,
23/05/2022,CASH/1753/SELF,23/05/2022,3649,0,"4,363.00","42,963.87",,,,,,,,,,,,,,,,
23/05/2022,CASH/1753/SELF,23/05/2022,3650,0,"8,664.00","51,627.87",,,,,,,,,,,,,,,,
23/05/2022,CASH/1753/SELF,23/05/2022,3651,0,"9,423.00","61,050.87",,,,,,,,,,,,,,,,
23/05/2022,CASH/1753/SELF,23/05/2022,3652,0,"6,283.00","67,333.87",,,,,,,,,,,,,,,,
23/05/2022,CLG/001044/GOODNEWSCHANNELPRIVATE,23/05/2022,1044,"41,592.00",0,"25,741.87",,,,,,,,,,,,,,,,
24/05/2022,CASH/1753/SELF,24/05/2022,3656,0,"13,568.00","39,309.87",,,,,,,,,,,,,,,,
24/05/2022,CASH/1753/SELF,24/05/2022,3657,0,"7,370.00","46,679.87",,,,,,,,,,,,,,,,
24/05/2022,DEPOSIT-IMPS/214412959691/CHEERS RETAIL PRIVAT/ICICI Bank/XXXXXXXX0014/icic2band,24/05/2022,3659,0,"25,000.00","71,679.87",,,,,,,,,,,,,,,,
24/05/2022,CLG/000934/S M ENTERPRISES,24/05/2022,934,"4,846.00",0,"66,833.87",,,,,,,,,,,,,,,,
25/05/2022,CASH/1753/SELF,25/05/2022,3667,0,"10,755.00","77,588.87",,,,,,,,,,,,,,,,
25/05/2022,CASH/1753/SELF,25/05/2022,3668,0,"14,134.00","91,722.87",,,,,,,,,,,,,,,,
25/05/2022,CLG/000752/ANNAI FOOD PRODUCTS PRIVA,25/05/2022,752,250,0,"91,472.87",,,,,,,,,,,,,,,,
25/05/2022,CLG/000917/CHENNAI AGENCIES,25/05/2022,917,"2,952.00",0,"88,520.87",,,,,,,,,,,,,,,,
25/05/2022,CLG/000921/HINKAR STEELS,25/05/2022,921,"15,732.00",0,"72,788.87",,,,,,,,,,,,,,,,
25/05/2022,CLG/000947/SWASTICAGENCIES,25/05/2022,947,"11,728.00",0,"61,060.87",,,,,,,,,,,,,,,,
25/05/2022,CLG/000969/INNOVATIVE FOODS LIMITED,25/05/2022,969,"14,947.00",0,"46,113.87",,,,,,,,,,,,,,,,
25/05/2022,WDL-IMPS/214517013213/N P RAJESHWARAN/PUNB0033800/XXXXXXXXXXXX1812/,25/05/2022,3679,"13,000.00",0,"33,113.87",,,,,,,,,,,,,,,,
25/05/2022,WDL-IMPS/214517014067/N P RAJESHWARAN/PUNB0033800/XXXXXXXXXXXX1812/,25/05/2022,3680,"1,000.00",0,"32,113.87",,,,,,,,,,,,,,,,
26/05/2022,CASH/1753/SELF,26/05/2022,3681,0,"10,167.00","42,280.87",,,,,,,,,,,,,,,,
26/05/2022,CASH/1753/SELF,26/05/2022,3682,0,"7,325.00","49,605.87",,,,,,,,,,,,,,,,
26/05/2022,"DEPOSIT-IMPS/214612064134/SELVAKUMARBAALU/Axis Bank/XXXXXXXX0014/,26/05/2022-120",26/05/2022,3689,0,"74,000.00","1,23,605.87",,,,,,,,,,,,,,,,
26/05/2022,"DEPOSIT-IMPS/214612506303/CHEERS RETAIL PRIVAT/ICICI Bank/XXXXXXXX0014/ici2band,",26/05/2022,3690,0,"19,000.00","1,42,605.87",,,,,,,,,,,,,,,,
26/05/2022,CLG/000498/B   M HOT BREADS PVT LTD,26/05/2022,498,"9,603.00",0,"1,33,002.87",,,,,,,,,,,,,,,,
26/05/2022,CLG/000499/B   M HOT BREADS PVT LTD,26/05/2022,499,"6,861.00",0,"1,26,141.87",,,,,,,,,,,,,,,,
26/05/2022,CLG/000500/B   M HOT BREADS PVT LTD,26/05/2022,500,"5,635.00",0,"1,20,506.87",,,,,,,,,,,,,,,,
26/05/2022,CLG/000501/B   M HOT BREADS PVT LTD,26/05/2022,501,"7,378.00",0,"1,13,128.87",,,,,,,,,,,,,,,,
26/05/2022,CLG/000567/B   M HOT BREADS PVT LTD,26/05/2022,567,"10,291.00",0,"1,02,837.87",,,,,,,,,,,,,,,,150000
26/05/2022,CLG/000942/SRI R K AGENCIES,26/05/2022,942,"2,360.00",0,"1,00,477.87",,,,,,,,,,,,,,,,
26/05/2022,CASH/1841/SELF,26/05/2022,3703,0,"10,000.00","1,10,477.87",,,,,,,,,,,,,,,,
26/05/2022,DEPOSIT-IMPS/214612635053/CHEERS RETAIL PRIVAT/ICICI Bank/XXXXXXXX0014/icic2band,26/05/2022,3704,0,"17,800.00","1,28,277.87",,,,,,,,,,,,,,,,
26/05/2022,"DEPOSIT-IMPS/214612251893/SELVAKUMARBAALU/Axis Bank/XXXXXXXX0014/,26/05/2022-124",26/05/2022,3705,0,"44,000.00","1,72,277.87",,,,,,,,,,,,,,,,
26/05/2022,DEPOSIT-IMPS/214612661275/CHEERS RETAIL PRIVAT/ICICI Bank/XXXXXXXX0014/CRPLBANDH,26/05/2022,3706,0,"20,000.00","1,92,277.87",,,,,,,,,,,,,,,,
26/05/2022,"DEPOSIT-IMPS/214613320057/SELVAKUMARBAALU/Axis Bank/XXXXXXXX0014/,26/05/2022-130",26/05/2022,3707,0,"5,000.00","1,97,277.87",,,,,,,,,,,,,,,,
26/05/2022,"DEPOSIT-IMPS/214613327100/SELVAKUMARBAALU/Axis Bank/XXXXXXXX0014/,26/05/2022-130",26/05/2022,3708,0,"15,000.00","2,12,277.87",,,,,,,,,,,,,,,,
26/05/2022,"DEPOSIT-IMPS/214613332090/SELVAKUMARBAALU/Axis Bank/XXXXXXXX0014/,26/05/2022-130",26/05/2022,3709,0,"5,000.00","2,17,277.87",,,,,,,,,,,,,,,,
26/05/2022,CLG/001004/WONDER,26/05/2022,1004,"34,605.00",0,"1,82,672.87",,,,,,,,,,,,,,,,
26/05/2022,CLG/001032/HOMETECH SERVICES,26/05/2022,1032,"1,53,633.00",0,"29,039.87",,,,,,,,,,,,,,,,
26/05/2022,CLG/001069/KAVANS MARKETING,26/05/2022,1069,"18,170.00",0,"10,869.87",,,,,,,,,,,,,,,,
26/05/2022,WDL-IMPS/214614008669/SELVAKUMAR BAALU/UTIB0000676/XXXXXXXXXXX6311/,26/05/2022,3719,"10,000.00",0,869.87,,,,,,,,,,,,,,,,
27/05/2022,DEPOSIT-IMPS/214711490323/CHEERS RETAIL PRIVAT/ICICI Bank/XXXXXXXX0014/crplici2b,27/05/2022,3720,0,"13,500.00","14,369.87",,,,,,,,,,,,,,,,
27/05/2022,CASH/1841/SELF,27/05/2022,3721,0,"5,000.00","19,369.87",,,,,,,,,,,,,,,,
27/05/2022,CASH/1753/SELF,27/05/2022,3722,0,"12,300.00","31,669.87",,,,,,,,,,,,,,,,
27/05/2022,"DEPOSIT-IMPS/214712303052/SELVAKUMARBAALU/Axis Bank/XXXXXXXX0014/,27/05/2022-123",27/05/2022,3723,0,"11,000.00","42,669.87",,,,,,,,,,,,,,,,
27/05/2022,DEPOSIT-IMPS/214712648775/CHEERS RETAIL PRIVAT/ICICI Bank/XXXXXXXX0014/icic2band,27/05/2022,3724,0,"7,400.00","50,069.87",,,,,,,,,,,,,,,,
27/05/2022,DEPOSIT-IMPS/214712272505/N P RAJESHWARAN/South Indian Bank/XXXXXXXX0014/MB NPR,27/05/2022,3725,0,"15,000.00","65,069.87",,,,,,,,,,,,,,,,
27/05/2022,CLG/000878/BENANI FOODS PRIVATE LIMI,27/05/2022,878,"5,117.00",0,"59,952.87",,,,,,,,,,,,,,,,
27/05/2022,CLG/001020/M.M.B ENTERPRISES,27/05/2022,1020,"13,307.00",0,"46,645.87",,,,,,,,,,,,,,,,
27/05/2022,CLG/001031/NATURAL OFFICE MART,27/05/2022,1031,"2,919.00",0,"43,726.87",,,,,,,,,,,,,,,,
27/05/2022,CLG/001063/B VISWANATHAN,27/05/2022,1063,"10,250.00",0,"33,476.87",,,,,,,,,,,,,,,,
27/05/2022,CLG/001071/SUN AGRO COM RESOURCES,27/05/2022,1071,"4,414.00",0,"29,062.87",,,,,,,,,,,,,,,,
27/05/2022,CLG/001075/R SQUARE FOOD FACTORY,27/05/2022,1075,"11,711.00",0,"17,351.87",,,,,,,,,,,,,,,,
27/05/2022,CLG/001078/BHARTI AIRTEL LIMITEDSB,27/05/2022,1078,"16,945.00",0,406.87,,,,,,,,,,,,,,,,
30/05/2022,DEPOSIT-IMPS/215011733319/CHEERS RETAIL PRIVAT/ICICI Bank/XXXXXXXX0014/icic2band,30/05/2022,3747,0,"15,300.00","15,706.87",,,,,,,,,,,,,,,,
30/05/2022,CLG/000983/VISHNOOENTERPRISES,30/05/2022,983,"1,500.00",0,"14,206.87",,,,,,,,,,,,,,,,
30/05/2022,CLG/001051/SAROJINITRADERS,30/05/2022,1051,"9,037.00",0,"5,169.87",,,,,,,,,,,,,,,,
30/05/2022,WDL-IMPS/215021019259/SELVAKUMAR BAALU/UTIB0000676/XXXXXXXXXXX6311/,30/05/2022,3754,"5,000.00",0.00,169.87,,,,,,,,,,,,,,,,
31/05/2022,DEPOSIT-IMPS/215112445151/CHEERS RETAIL PRIVAT/ICICI Bank/XXXXXXXX0014/icic2band,31/05/2022,3755,0.00,"16,000.00","16,169.87",,,,,,,,,,,,,,,,
31/05/2022,CASH/1847/SELF,31/05/2022,3756,0.00,"27,280.00","43,449.87",,,,,,,,,,,,,,,,
31/05/2022,CASH/1841/SELF,31/05/2022,3757,0.00,"20,000.00","63,449.87",,,,,,,,,,,,,,,,
31/05/2022,CLG/000979/SAROJINITRADERS,31/05/2022,979,"20,000.00",0.00,"43,449.87",,,,,,,,,,,,,,,,
31/05/2022,CLG/001050/ESQUIRE,31/05/2022,1050,"15,459.00",0.00,"27,990.87",,,,,,,,,,,,,,,,
31/05/2022,CLG/001068/SRI ANNAPOORANI AGENCIES,31/05/2022,1068,"6,948.00",0.00,"21,042.87",,,,,,,,,,,,,,,,
31/05/2022,RTN/CLG/000980/Funds Insufficient/SAROJINITRADERS,31/05/2022,3767,"22,239.00",0.00,"-1,196.13",,,,,,,,,,,,,,,,
31/05/2022,RTN/CLG/000980/Funds Insufficient/SAROJINITRADERS,31/05/2022,3768,0.00,"22,239.00","21,042.87",,,,,,,,,,,,,,,,
31/05/2022,RTN/CHRGS/CLG/000980/Funds Insufficient/,31/05/2022,3769,590.00,0.00,"20,452.87",,,,,,,,,,,,,,,,
31/05/2022,RTN/CLG/001028/Funds Insufficient/RHINO SENTINEL AND ALLIE,31/05/2022,3770,"29,400.00",0.00,"-8,947.13",,,,,,,,,,,,,,,,
31/05/2022,RTN/CLG/001028/Funds Insufficient/RHINO SENTINEL AND ALLIE,31/05/2022,3771,0.00,"29,400.00","20,452.87",,,,,,,,,,,,,,,,
31/05/2022,RTN/CHRGS/CLG/001028/Funds Insufficient/,31/05/2022,3772,590.00,0.00,"19,862.87",,,,,,,,,,,,,,,,
31/05/2022,RTN/CLG/001049/Funds Insufficient/ESQUIRE,31/05/2022,3773,"31,737.00",0.00,"-11,874.13",,,,,,,,,,,,,,,,
31/05/2022,RTN/CLG/001049/Funds Insufficient/ESQUIRE,31/05/2022,3774,0.00,"31,737.00","19,862.87",,,,,,,,,,,,,,,,
31/05/2022,RTN/CHRGS/CLG/001049/Funds Insufficient/,31/05/2022,3775,590.00,0.00,"19,272.87",,,,,,,,,,,,,,,,
31/05/2022,RTN/CLG/001065/Funds Insufficient/INTELLIGENT RETAIL PRIVAT,31/05/2022,3776,"35,000.00",0.00,"-15,727.13",,,,,,,,,,,,,,,,
31/05/2022,RTN/CLG/001065/Funds Insufficient/INTELLIGENT RETAIL PRIVAT,31/05/2022,3777,0.00,"35,000.00","19,272.87",,,,,,,,,,,,,,,,
31/05/2022,RTN/CHRGS/CLG/001065/Funds Insufficient/,31/05/2022,3778,590.00,0.00,"18,682.87",,,,,,,,,,,,,,,,
31/05/2022,RTN/CLG/001076/Funds Insufficient/ESWARI ENTERPRISES,31/05/2022,3779,"30,000.00",0.00,"-11,317.13",,,,,,,,,,,,,,,,
31/05/2022,RTN/CLG/001076/Funds Insufficient/ESWARI ENTERPRISES,31/05/2022,3780,0.00,"30,000.00","18,682.87",,,,,,,,,,,,,,,,
31/05/2022,RTN/CHRGS/CLG/001076/Funds Insufficient/,31/05/2022,3781,590.00,0.00,"18,092.87",,,,,,,,,,,,,,,,
